%% This BibTeX bibliography file was created using BibDesk.
%% http://bibdesk.sourceforge.net/


%% Created for Christopher Wächtler at 2014-03-24 09:05:21 +0100 


%% Saved with string encoding Unicode (UTF-8) 



@article{solarCell,
	Abstract = {We report on the photovoltaic characteristics of organic/inorganic hybrid solar cells fabricated on `flexible' transparent substrates. The solar cell device is composed of ZnO nanorod array and the bulk heterojunction structured organic layer which is the blend of poly(3-hexylthiophene) (P3HT) and (6,6)-phenyl C61 butyric acid methyl ester (PCBM). The ZnO nanorod array was grown on indium tin oxide (ITO)-coated polyethylene terephthalate (PET) substrates via a low-temperature (85 $\,^{\circ}$C) aqueous solution process. The blend solution consisting of conjugated polymer P3HT and fullerene PCBM was spin coated at a low spinning rate of 400 rpm on top of the ZnO nanorod array structure and then the photoactive layer was slow dried at room temperature in air to promote its infiltration into the nanorod network. As a top electrode, silver was sputtered on top of the photoactive layer. The flexible solar cell with the structure of PET/ITO/ZnO thin film/ZnO nanorods/P3HT:PCBM/Ag exhibited a photovoltaic performance with an open circuit voltage ( V OC ) of 0.52 V, a short circuit current density ( J SC ) of 9.82 mA cm −2 , a fill factor (FF) of 35% and a power conversion efficiency (η) of 1.78%. All the measurements were performed under 100 mW cm −2 of illumination with an air mass 1.5 G filter. To the best of our knowledge, this is the first presentation of investigation into the fabrication and characterization of organic/inorganic hybrid solar cells based on bulk heterojunction structured conjugated polymer/fullerene photoactive layer and ZnO nanorod array constructed on flexible transparent substrates.},
	Author = {Fei Tong and Kyusang Kim and Daniel Martinez and Resham Thapa and Ayayi Ahyi and John Williams and Dong-Joo Kim and Sungkoo Lee and Eunhee Lim and Kyeong K Lee and Minseo Park},
	Date-Added = {2014-03-23 15:59:09 +0000},
	Date-Modified = {2014-03-24 08:05:21 +0000},
	Journal = {Semicond. Sci. Technol.},
	Number = {10},
	Pages = {105005},
	Title = {Flexible organic/inorganic hybrid solar cells based on conjugated polymer and ZnO nanorod array},
	Url = {http://stacks.iop.org/0268-1242/27/i=10/a=105005},
	Volume = {27},
	Year = {2012},
	Bdsk-Url-1 = {http://stacks.iop.org/0268-1242/27/i=10/a=105005}}

@article{Family,
	Abstract = {The interface of the Eden clusters on percolation networks and the ballistic deposition model is studied by Monte Carlo simulations, using a simple definition for the surface thickness. The width of the active zone in the ballistic deposition model is found to diverge differently from the mean height, indicating breakdown of the single scaling length assumption in this model. The exponents nu and nu ' describing, respectively, the divergence of the radius and the active zone of the Eden clusters on percolation networks appear to be the same within the statistical errors. The central value of nu ', however, is slightly, but systematically, less than nu . The surface thickness of ballistic deposits is shown to exhibit finite-size scaling.},
	Author = {Family, F. and Vicsek, T.},
	Date-Added = {2014-03-16 18:04:34 +0000},
	Date-Modified = {2014-03-16 18:07:55 +0000},
	Journal = {J. Phys. A},
	Number = {L75},
	Title = {Scaling of the active zone in the Eden process on percolation networks and the ballistic deposition model},
	Volume = {18},
	Year = {1985},
	Bdsk-Url-1 = {http://stacks.iop.org/0305-4470/18/i=2/a=005}}

@article{Kardar,
	Author = {Kardar, M. and Parisi, G. and Zhang, Y.},
	Date-Added = {2014-03-16 17:59:14 +0000},
	Date-Modified = {2014-03-16 18:07:29 +0000},
	Journal = {Phys. Rev. Lett.},
	Number = {889},
	Title = {Dynamic Scaling of Growing Interfaces},
	Volume = {56},
	Year = {1986},
	Bdsk-Url-1 = {http://dx.doi.org/10.1103/PhysRevLett.56.889}}

@article{Krug,
	Author = {Krug, J.},
	Date-Added = {2014-03-16 17:57:16 +0000},
	Date-Modified = {2014-03-16 17:58:01 +0000},
	Journal = {Adv. Phys.},
	Number = {2},
	Title = {Origins of scale invariance in growth processes},
	Volume = {46},
	Year = {1997},
	Bdsk-Url-1 = {http://www.tandfonline.com/doi/abs/10.1080/00018739700101498},
	Bdsk-Url-2 = {http://dx.doi.org/10.1080/00018739700101498}}

@article{Nicola,
	Author = {Kleppmann, N. and Klapp, S. H. L.},
	Date-Added = {2014-02-22 10:39:37 +0000},
	Date-Modified = {2014-02-23 22:37:41 +0000},
	Journal = {(in preperation)},
	Title = {Particle-resolved dynamics during multilayer growth of $C_{60}$},
	Year = {2014}}

@article{Bommel,
	Author = {Bommel, S. and Kleppmann, N. and Weber, C. and Spranger, H. and Sch\"afer, P. and Novak, J. and Roth, S. V. and Schreiber, F. and Klapp, S. H. L. and Kowarik, S.},
	Date-Added = {2014-02-22 10:37:37 +0000},
	Date-Modified = {2014-02-23 22:33:16 +0000},
	Journal = {(unpublished)},
	Title = {Real-time study of molecular nucleation and step-edge crossing during multi-layer growth of the fullerence $C_{60}$},
	Year = {2014}}

@book{Oled,
	Date-Added = {2014-02-19 11:42:21 +0000},
	Date-Modified = {2014-02-23 22:56:16 +0000},
	Edition = {2nd edn.},
	Editor = {Br\"utting, W. and Adachi, C.},
	Publisher = {(Wiley-VCH, Weinheim, 2012)},
	Title = {Physics of Organic Semiconductors}}

@article{RaheLindner,
	Abstract = {We report the formation of extended molecular layers of C60 molecules on a dielectric surface at room temperature. In sharp contrast to previous C60 adsorption studies on prototypical ionic crystal surfaces{,} a wetting layer is obtained when choosing the calcite (CaCO3)(10[1 with combining macron]4) surface as a substrate. Non-contact atomic force microscopy data reveal an excellent match of the hexagonal lattice of the molecular layer with the unit cell dimension of CaCO3(10[1 with combining macron]4) in the [01[1 with combining macron]0] direction{,} while a lattice mismatch along the [[4 with combining macron][2 with combining macron]61] direction results in a large-scale moire modulation. Overall{,} a (2 [times] 15) wetting layer is obtained. The distinct difference observed microscopically upon C60 adsorption on CaCO3(10[1 with combining macron]4) compared to other dielectric surfaces is explained by a macroscopic picture based on surface energies. Our example demonstrates that this simple surface-energy based approach can provide a valuable estimate for choosing molecule-insulator systems suitable for molecular self-assembly at room temperature.},
	Author = {Rahe, P. and Lindner, Robert and Kittelmann, Markus and Nimmrich, Markus and Kuhnle, Angelika},
	Date-Added = {2014-02-16 22:33:51 +0000},
	Date-Modified = {2014-02-23 22:10:02 +0000},
	Doi = {10.1039/C2CP40172J},
	Journal = {Phys. Chem. Chem. Phys.},
	Number = {18},
	Pages = {6544-6548},
	Publisher = {The Royal Society of Chemistry},
	Title = {From dewetting to wetting molecular layers: C60 on CaCO3(10[1 with combining macron]4) as a case study},
	Url = {http://dx.doi.org/10.1039/C2CP40172J},
	Volume = {14},
	Year = {2012},
	Bdsk-Url-1 = {http://dx.doi.org/10.1039/C2CP40172J}}

@article{BurkeTopple,
	Abstract = {Recent attention given to the growth and morphology of organic thin films with regard to organic electronics has led to the observation of dewetting (a transition from layer(s) to islands) of molecular deposits in many of these systems. Dewetting is a much studied phenomenon in the formation of polymer and liquid films, but its observation in thin films of the 'small' molecules typical of organic electronics requires additional consideration of the structure of the interface between the molecular film and the substrate. This review covers some key concepts related to dewetting and molecular film growth. In particular, the origins of different growth modes and the thickness dependent interactions which give rise to dewetting are discussed in terms of surface energies and the disjoining pressure. Characteristics of molecular systems which may lead to these conditions, including the formation of metastable interface structures and commensurate--incommensurate phase transitions, are also discussed. Brief descriptions of some experimental techniques which have been used to study molecular dewetting are given as well. Examples of molecule-on-insulator systems which undergo dewetting are described in some detail, specifically perylene derivatives on alkali halides, C 60 on alkali halides, and the technologically important system of pentacene on SiO 2 . These examples point to some possible predicting factors for the occurrence of dewetting, most importantly the formation of an interface layer which differs from the bulk crystal structure.},
	Author = {S A Burke and J M Topple and P Gr{\"u}tter},
	Date-Added = {2014-02-16 22:32:45 +0000},
	Date-Modified = {2014-02-23 22:07:59 +0000},
	Journal = {J. Phys.: Condens. Matter},
	Number = {42},
	Pages = {423101},
	Title = {Molecular dewetting on insulators},
	Url = {http://stacks.iop.org/0953-8984/21/i=42/a=423101},
	Volume = {21},
	Year = {2009},
	Bdsk-Url-1 = {http://stacks.iop.org/0953-8984/21/i=42/a=423101}}

@article{KimJiang,
	Author = {Kim, Y. and Jiang, L. and T Iyoda and K Hashimoto and A Fujishima},
	Date-Added = {2014-02-16 22:31:41 +0000},
	Date-Modified = {2014-02-23 22:09:07 +0000},
	Doi = {http://dx.doi.org/10.1016/S0169-4332(98)00123-8},
	Journal = {Appl. Surf. Sci.},
	Keywords = {Atomic force microscopy},
	Number = {602},
	Title = {AFM study of surface phenomena based on C60 film growth},
	Url = {http://www.sciencedirect.com/science/article/pii/S0169433298001238},
	Volume = {130-132},
	Year = {1998},
	Bdsk-Url-1 = {http://www.sciencedirect.com/science/article/pii/S0169433298001238},
	Bdsk-Url-2 = {http://dx.doi.org/10.1016/S0169-4332(98)00123-8}}

@article{Kolyadina,
	Author = {Kolyadina, E. Y. and Matveeva, L. A. and Neluba, P. L. and Shlapatskaya, V. V.},
	Date-Added = {2014-02-16 22:26:16 +0000},
	Date-Modified = {2014-02-23 22:06:13 +0000},
	Doi = {10.1002/mawe.201300100},
	Journal = {Materialwiss. Werkstofftech.},
	Keywords = {Fulleren C60, graphit- und diamant{\"a}hnliche Phasen},
	Number = {2-3},
	Pages = {144--149},
	Title = {Physikalische Eigenschaften von C60-fulleren-Nanostrukturen},
	Url = {http://dx.doi.org/10.1002/mawe.201300100},
	Volume = {44},
	Year = {2013},
	Bdsk-Url-1 = {http://dx.doi.org/10.1002/mawe.201300100}}

@article{Nobuyuki,
	Author = {Iwata, N. and Akane Kinjo and Hiroki Okuyama and Hiroshi Yamamoto},
	Date-Added = {2014-02-16 22:25:02 +0000},
	Date-Modified = {2014-02-23 22:04:58 +0000},
	Journal = {Jpn. J. Appl. Phys.},
	Number = {617},
	Title = {Preparations and Evaluations of C 60 Thin Films for Organic Field-Effect Transistors},
	Url = {http://stacks.iop.org/1347-4065/44/i=1S/a=617},
	Volume = {44},
	Year = {2005},
	Bdsk-Url-1 = {http://stacks.iop.org/1347-4065/44/i=1S/a=617}}

@article{Royall,
	Author = {Royall, C. P. and Williams, S. R.},
	Date-Added = {2014-02-16 22:23:28 +0000},
	Date-Modified = {2014-02-23 22:02:34 +0000},
	Doi = {10.1021/jp109365q},
	Journal = {J. Phys. Chem. B},
	Number = {22},
	Pages = {7288-7293},
	Title = {C60: The First One-Component Gel?},
	Url = {http://pubs.acs.org/doi/abs/10.1021/jp109365q},
	Volume = {115},
	Year = {2011},
	Bdsk-Url-1 = {http://pubs.acs.org/doi/abs/10.1021/jp109365q},
	Bdsk-Url-2 = {http://dx.doi.org/10.1021/jp109365q}}

@article{Hagen,
	Author = {Hagen, M. H. J. and Meijer, E. J. and Mooij, G. C. A. M. and Frenkel, D. and Lekkerkerker, H. N. W.},
	Date-Added = {2014-02-16 22:17:47 +0000},
	Date-Modified = {2014-02-16 22:18:42 +0000},
	Journal = {Nature},
	Pages = {425-426},
	Title = {Does C60 have a liquid phase?},
	Volume = {365},
	Year = {1993}}

@article{Tewari,
	Author = {S. P. Tewari and Dhingra, G. and Silotia, P.},
	Date-Added = {2014-02-16 22:16:40 +0000},
	Date-Modified = {2014-02-23 22:01:51 +0000},
	Doi = {10.1142/S0217979210055974},
	Journal = {Int. J. Mod. Phys. B},
	Number = {22},
	Pages = {4281-4292},
	Title = {Collective dynamics of a nano-fluid: Fulleren, C60},
	Url = {http://www.worldscientific.com/doi/abs/10.1142/S0217979210055974},
	Volume = {24},
	Year = {2010},
	Bdsk-Url-1 = {http://www.worldscientific.com/doi/abs/10.1142/S0217979210055974},
	Bdsk-Url-2 = {http://dx.doi.org/10.1142/S0217979210055974}}

@article{FengZhao,
	Abstract = {The atomic electron orbitals that underlie molecular bonding originate from the central Coulomb potential of the atomic core. We used scanning tunneling microscopy and density functional theory to explore the relation between the nearly spherical shape and unoccupied electronic structure of buckminsterfullerene (C60) molecules adsorbed on copper surfaces. Besides the known π* antibonding molecular orbitals of the carbon-atom framework, above 3.5 electron volts we found atomlike orbitals bound to the core of the hollow C60 cage. These ``superatom'' states hybridize like the s and p orbitals of hydrogen and alkali atoms into diatomic molecule-like dimers and free-electron bands of one-dimensional wires and two-dimensional quantum wells in C60 aggregates. We attribute the superatom states to the central potential binding an electron to its screening charge, a property expected for hollow-shell molecules derived from layered materials.},
	Author = {Feng, M. and Zhao, J. and Petek, H.},
	Date-Added = {2014-02-16 22:12:23 +0000},
	Date-Modified = {2014-02-23 21:59:53 +0000},
	Doi = {10.1126/science.1155866},
	Journal = {Science},
	Number = {5874},
	Title = {Atomlike, Hollow-Core-Bound Molecular Orbitals of C60},
	Volume = {320},
	Year = {2008},
	Bdsk-Url-1 = {http://www.sciencemag.org/content/320/5874/359.abstract},
	Bdsk-Url-2 = {http://dx.doi.org/10.1126/science.1155866}}

@article{Brabec,
	Author = {Brabec, C. J. and Sariciftci, N. S. and Hummelen, J. C.},
	Date-Added = {2014-02-16 21:11:43 +0000},
	Date-Modified = {2014-02-23 21:47:22 +0000},
	Doi = {10.1002/1616-3028(200102)11:1<15::AID-ADFM15>3.0.CO;2-A},
	Journal = {Adv. Funct. Mater.},
	Keywords = {Conducting Polymers, Photovoltaics, Solar Cells},
	Number = {1},
	Pages = {15--26},
	Title = {Plastic Solar Cells},
	Url = {http://dx.doi.org/10.1002/1616-3028(200102)11:1<15::AID-ADFM15>3.0.CO;2-A},
	Volume = {11},
	Year = {2001},
	Bdsk-Url-1 = {http://dx.doi.org/10.1002/1616-3028(200102)11:1%3C15::AID-ADFM15%3E3.0.CO;2-A}}

@book{Dresselhaus,
	Author = {Dresselhaus, M. S. and Dresselhaus, G. and Eklund, P. C.},
	Date-Added = {2014-02-16 21:08:47 +0000},
	Date-Modified = {2014-02-23 22:44:03 +0000},
	Publisher = {(Academic Press, New York, 1996)},
	Title = {Science of Fullerenes and Carbon Nanotubes}}

@article{Kraetschmer,
	Author = {Kraetschmer, W. and Lamb, L. D. and Fostiropoulos, K. and Huffman, D. R.},
	Date-Added = {2014-02-16 21:04:59 +0000},
	Date-Modified = {2014-02-16 21:06:06 +0000},
	Journal = {Nature},
	Pages = {354-358},
	Title = {Solid C60: a new form of carbon},
	Volume = {347},
	Year = {1990}}

@article{Kroto,
	Author = {Kroto, H. W. and Heath, J. R. and O'Brien, S.C. and Curl, R.F. and Smalley, R. E.},
	Date-Added = {2014-02-16 19:10:14 +0000},
	Date-Modified = {2014-02-16 19:11:26 +0000},
	Journal = {Nature},
	Pages = {162-163},
	Title = {C60: Buckminsterfullerene},
	Volume = {318},
	Year = {1985}}

@article{SaiLeung,
	Author = {Sai, N. and Leung, K. and Chelikowsky, J. R.},
	Date-Added = {2014-02-16 19:08:46 +0000},
	Date-Modified = {2014-02-23 21:43:03 +0000},
	Doi = {10.1103/PhysRevB.83.121309},
	Journal = {Phys. Rev. B},
	Month = {Mar},
	Number = {12},
	Pages = {121309},
	Publisher = {American Physical Society},
	Title = {Hybrid density functional study of oligothiophene/ZnO interface for photovoltaics},
	Url = {http://link.aps.org/doi/10.1103/PhysRevB.83.121309},
	Volume = {83},
	Year = {2011},
	Bdsk-Url-1 = {http://link.aps.org/doi/10.1103/PhysRevB.83.121309},
	Bdsk-Url-2 = {http://dx.doi.org/10.1103/PhysRevB.83.121309}}

@article{DagWang,
	Author = {Dag, S. and Wang, Lin-Wang},
	Date-Added = {2014-02-16 19:07:36 +0000},
	Date-Modified = {2014-02-23 21:42:04 +0000},
	Doi = {10.1021/nl801700s},
	Journal = {Nano Lett.},
	Number = {12},
	Pages = {4185-4190},
	Title = {Modeling of Nanoscale Morphology of Regioregular Poly(3-hexylthiophene) on a ZnO (101̅0) Surface},
	Url = {http://pubs.acs.org/doi/abs/10.1021/nl801700s},
	Volume = {8},
	Year = {2008},
	Bdsk-Url-1 = {http://pubs.acs.org/doi/abs/10.1021/nl801700s},
	Bdsk-Url-2 = {http://dx.doi.org/10.1021/nl801700s}}

@article{Law,
	Author = {Law, M. and Greene, L. E. and Johnson, J. C. and Saykally, R. and Yang, P.},
	Date-Added = {2014-02-16 19:03:56 +0000},
	Date-Modified = {2014-02-23 21:41:14 +0000},
	Journal = {Nat. Mater.},
	Pages = {455},
	Title = {Nanowire dye-sensitized solar cells},
	Volume = {4},
	Year = {2005}}

@article{Zhang,
	Author = {Zhang, X.-H. and Domercq, B. and Kippelen, B.},
	Date-Added = {2014-02-16 19:02:21 +0000},
	Date-Modified = {2014-02-23 21:40:49 +0000},
	Doi = {http://dx.doi.org/10.1063/1.2778472},
	Journal = {Appl. Phys. Lett.},
	Number = {9},
	Pages = {-},
	Title = {High-performance and electrically stable C60 organic field-effect transistors},
	Url = {http://scitation.aip.org/content/aip/journal/apl/91/9/10.1063/1.2778472},
	Volume = {91},
	Year = {2007},
	Bdsk-Url-1 = {http://scitation.aip.org/content/aip/journal/apl/91/9/10.1063/1.2778472},
	Bdsk-Url-2 = {http://dx.doi.org/10.1063/1.2778472}}

@article{Park,
	Author = {Park, H. and Park, J. and Lim, A. K. L. and Anderson, E. H. and Alivisatos, A. P. and McEuen, P. L.},
	Date-Added = {2014-02-16 18:59:01 +0000},
	Date-Modified = {2014-02-16 19:00:29 +0000},
	Journal = {Nature},
	Pages = {57-60},
	Title = {Nanomechanical oscillations in a single-C60 transistor},
	Volume = {407},
	Year = {2000}}

@article{Ganin,
	Author = {Ganing, A. Y. and Takabayashi, Y. and Jeglic, P. and Arcon, D. and Potocnik, A. and Baker, P.J. and Ohishi, Y. and McDonald, M. T. and Tzirakis, M. D. and McLennan, A. and Darling, G. R. and Takata, M. and Rosseinsky, M. J. and Prassides, K.},
	Date-Added = {2014-02-16 18:53:40 +0000},
	Date-Modified = {2014-02-16 18:57:53 +0000},
	Journal = {Nature},
	Pages = {221-225},
	Title = {Polymorphism control of superconductivity and magnetism in Cs3C60 close to the mott transition},
	Volume = {466},
	Year = {2010}}

@article{0953-8984-25-14-143202,
	Author = {Gregor Hlawacek and Christian Teichert},
	Date-Added = {2014-02-16 10:11:37 +0000},
	Date-Modified = {2014-02-16 10:11:37 +0000},
	Journal = {Journal of Physics: Condensed Matter},
	Number = {14},
	Pages = {143202},
	Title = {Nucleation and growth of thin films of rod-like conjugated molecules},
	Url = {http://stacks.iop.org/0953-8984/25/i=14/a=143202},
	Volume = {25},
	Year = {2013},
	Bdsk-Url-1 = {http://stacks.iop.org/0953-8984/25/i=14/a=143202}}

@article{PhysRevLett.107.146401,
	Author = {Della Sala, F. and Blumstengel, S. and Henneberger, F.},
	Date-Added = {2014-02-16 10:08:00 +0000},
	Date-Modified = {2014-02-16 10:08:00 +0000},
	Doi = {10.1103/PhysRevLett.107.146401},
	Issue = {14},
	Journal = {Phys. Rev. Lett.},
	Month = {Sep},
	Numpages = {5},
	Pages = {146401},
	Publisher = {American Physical Society},
	Title = {Electrostatic-Field-Driven Alignment of Organic Oligomers on ZnO Surfaces},
	Url = {http://link.aps.org/doi/10.1103/PhysRevLett.107.146401},
	Volume = {107},
	Year = {2011},
	Bdsk-Url-1 = {http://link.aps.org/doi/10.1103/PhysRevLett.107.146401},
	Bdsk-Url-2 = {http://dx.doi.org/10.1103/PhysRevLett.107.146401}}

@book{MuraDefectsInSolids,
	Author = {Mura, T},
	Date-Added = {2014-02-15 12:42:31 +0000},
	Date-Modified = {2014-02-23 22:48:08 +0000},
	Edition = {2nd edn.},
	Publisher = {(Kluwer Academic Publishers, Dordrecht, 1987)},
	Title = {Micromechanics of Defects in Solids}}

@article{GreensTensor,
	Author = {Bulatov,V. V. and Argon, A. S.},
	Date-Added = {2014-02-15 12:38:35 +0000},
	Date-Modified = {2014-02-23 22:32:44 +0000},
	Journal = {Model. Simul. Mater. Sci. Eng.},
	Number = {2},
	Pages = {167},
	Title = {A stochastic model for continuum elasto-plastic behavior. I. Numerical approach and strain localization},
	Url = {http://stacks.iop.org/0965-0393/2/i=2/a=001},
	Volume = {2},
	Year = {1994},
	Bdsk-Url-1 = {http://stacks.iop.org/0965-0393/2/i=2/a=001}}

@article{SchoellBose,
	Author = {E. Sch{\"o}ll and S. Bose},
	Date-Added = {2014-02-14 16:11:49 +0000},
	Date-Modified = {2014-02-23 22:31:01 +0000},
	Doi = {http://dx.doi.org/10.1016/S0038-1101(98)00076-8},
	Journal = {Solid-State Electron.},
	Number = {7-8},
	Pages = {1587 - 1591},
	Title = {Kinetic Monte Carlo simulation of the nucleation stage of the self-organized growth of quantum dots},
	Url = {http://www.sciencedirect.com/science/article/pii/S0038110198000768},
	Volume = {42},
	Year = {1998},
	Bdsk-Url-1 = {http://www.sciencedirect.com/science/article/pii/S0038110198000768},
	Bdsk-Url-2 = {http://dx.doi.org/10.1016/S0038-1101(98)00076-8}}

@article{LamLungSander,
	Author = {Lam, C.-H. and Lung, M. T. and Sander, L. M.},
	Date-Added = {2014-02-14 16:06:27 +0000},
	Date-Modified = {2014-02-23 22:30:09 +0000},
	Doi = {10.1007/s10915-008-9205-9},
	Journal = {J. Sci. Comp.},
	Keywords = {Heteroepitaxy; Monte Carlo simulation; Surfaces; Thin films},
	Number = {1},
	Pages = {73-88},
	Title = {Fast Kinetic Monte Carlo Simulation of Strained Heteroepitaxy in Three Dimensions},
	Url = {http://dx.doi.org/10.1007/s10915-008-9205-9},
	Volume = {37},
	Year = {2008},
	Bdsk-Url-1 = {http://dx.doi.org/10.1007/s10915-008-9205-9}}

@article{SchuleSmereka,
	Author = {Schulze, T. P. and Smereka, P.},
	Date-Added = {2014-02-14 16:03:56 +0000},
	Date-Modified = {2014-02-23 22:30:25 +0000},
	Doi = {10.1103/PhysRevB.86.235313},
	Journal = {Phys. Rev. B},
	Month = {Dec},
	Number = {23},
	Numpages = {15},
	Pages = {235313},
	Publisher = {American Physical Society},
	Title = {Kinetic Monte Carlo simulation of heteroepitaxial growth: Wetting layers, quantum dots, capping, and nanorings},
	Url = {http://link.aps.org/doi/10.1103/PhysRevB.86.235313},
	Volume = {86},
	Year = {2012},
	Bdsk-Url-1 = {http://link.aps.org/doi/10.1103/PhysRevB.86.235313},
	Bdsk-Url-2 = {http://dx.doi.org/10.1103/PhysRevB.86.235313}}

@article{MeixnerSchoell,
	Author = {Meixner, M. and Sch\"oll, E. and Shchukin, V. A. and Bimberg, D.},
	Date-Added = {2014-02-14 16:01:34 +0000},
	Date-Modified = {2014-02-23 22:31:25 +0000},
	Doi = {10.1103/PhysRevLett.87.236101},
	Journal = {Phys. Rev. Lett.},
	Month = {Nov},
	Number = {23},
	Numpages = {4},
	Pages = {236101},
	Publisher = {American Physical Society},
	Title = {Self-Assembled Quantum Dots: Crossover from Kinetically Controlled to Thermodynamically Limited Growth},
	Url = {http://link.aps.org/doi/10.1103/PhysRevLett.87.236101},
	Volume = {87},
	Year = {2001},
	Bdsk-Url-1 = {http://link.aps.org/doi/10.1103/PhysRevLett.87.236101},
	Bdsk-Url-2 = {http://dx.doi.org/10.1103/PhysRevLett.87.236101}}

@article{KhorDasSarma,
	Author = {Khor, K. E. and Das Sarma, S.},
	Date-Added = {2014-02-14 16:00:33 +0000},
	Date-Modified = {2014-02-23 22:28:40 +0000},
	Doi = {10.1103/PhysRevB.62.16657},
	Journal = {Phys. Rev. B},
	Month = {Dec},
	Number = {24},
	Numpages = {0},
	Pages = {16657--16664},
	Publisher = {American Physical Society},
	Title = {Quantum dot self-assembly in growth of strained-layer thin films: A kinetic Monte Carlo study},
	Url = {http://link.aps.org/doi/10.1103/PhysRevB.62.16657},
	Volume = {62},
	Year = {2000},
	Bdsk-Url-1 = {http://link.aps.org/doi/10.1103/PhysRevB.62.16657},
	Bdsk-Url-2 = {http://dx.doi.org/10.1103/PhysRevB.62.16657}}

@article{Barabasi,
	Author = {Barab{\'a}si, A.-L.},
	Date-Added = {2014-02-14 15:59:48 +0000},
	Date-Modified = {2014-02-23 22:28:24 +0000},
	Doi = {http://dx.doi.org/10.1063/1.118920},
	Journal = {Appl. Phys. Lett.},
	Number = {19},
	Pages = {2565-2567},
	Title = {Self-assembled island formation in heteroepitaxial growth},
	Url = {http://scitation.aip.org/content/aip/journal/apl/70/19/10.1063/1.118920},
	Volume = {70},
	Year = {1997},
	Bdsk-Url-1 = {http://scitation.aip.org/content/aip/journal/apl/70/19/10.1063/1.118920},
	Bdsk-Url-2 = {http://dx.doi.org/10.1063/1.118920}}

@article{Orr,
	Author = {Orr, B. G. and Kessler, D. and Snyder, C. W. and Sander, L.},
	Date-Added = {2014-02-14 15:58:00 +0000},
	Date-Modified = {2014-02-23 22:28:06 +0000},
	Journal = {EPL (Europhysics Letters)},
	Number = {1},
	Pages = {33},
	Publisher = {IOP Publishing},
	Title = {A model for strain-induced roughening and coherent island growth},
	Volume = {19},
	Year = {1992}}

@article{MarkovPdPd,
	Author = {Markov, I.},
	Date-Added = {2014-02-14 11:01:10 +0000},
	Date-Modified = {2014-02-23 22:35:49 +0000},
	Doi = {10.1103/PhysRevB.56.12544},
	Journal = {Phys. Rev. B},
	Month = {Nov},
	Number = {19},
	Numpages = {0},
	Pages = {12544--12552},
	Publisher = {American Physical Society},
	Title = {Surface energetics from the transition from step-flow growth to two-dimensional nucleation in metal homoepitaxy},
	Url = {http://link.aps.org/doi/10.1103/PhysRevB.56.12544},
	Volume = {56},
	Year = {1997},
	Bdsk-Url-1 = {http://link.aps.org/doi/10.1103/PhysRevB.56.12544},
	Bdsk-Url-2 = {http://dx.doi.org/10.1103/PhysRevB.56.12544}}

@article{Evans,
	Author = {J.W. Evans and P.A. Thiel and M.C. Bartelt},
	Date-Added = {2014-02-14 10:55:32 +0000},
	Date-Modified = {2014-02-23 22:35:27 +0000},
	Doi = {http://dx.doi.org/10.1016/j.surfrep.2005.08.004},
	Journal = {Surf. Sci. Rep.},
	Keywords = {Kinetic Monte Carlo simulation},
	Number = {1-2},
	Pages = {1 - 128},
	Title = {Morphological evolution during epitaxial thin film growth: Formation of 2D islands and 3D mounds},
	Url = {http://www.sciencedirect.com/science/article/pii/S0167572906000021},
	Volume = {61},
	Year = {2006},
	Bdsk-Url-1 = {http://www.sciencedirect.com/science/article/pii/S0167572906000021},
	Bdsk-Url-2 = {http://dx.doi.org/10.1016/j.surfrep.2005.08.004}}

@article{ChenAlSiO2,
	Author = {Chen, Z.-Y. and Yuan Zhu and Shu-Han Chen and Zhi-Ren Qiu and Shao-Ji Jiang},
	Date-Added = {2014-02-14 10:40:10 +0000},
	Date-Modified = {2014-02-23 22:36:55 +0000},
	Doi = {http://dx.doi.org/10.1016/j.apsusc.2011.02.004},
	Journal = {Appl. Surf. Sci.},
	Keywords = {Parallel algorithm},
	Number = {14},
	Pages = {6102 - 6106},
	Title = {The kinetic process of non-smooth substrate thin film growth via parallel Monte Carlo method},
	Url = {http://www.sciencedirect.com/science/article/pii/S0169433211001802},
	Volume = {257},
	Year = {2011},
	Bdsk-Url-1 = {http://www.sciencedirect.com/science/article/pii/S0169433211001802},
	Bdsk-Url-2 = {http://dx.doi.org/10.1016/j.apsusc.2011.02.004}}

@article{OguraFukutani,
	Author = {Ogura, S. and Fukutani, K.},
	Date-Added = {2014-02-14 10:25:54 +0000},
	Date-Modified = {2014-02-23 22:36:29 +0000},
	Journal = {J. Phys.: Condens. Matter},
	Number = {47},
	Pages = {474210},
	Title = {Interlayer diffusion of Au atoms in a heteroepitaxial system},
	Url = {http://stacks.iop.org/0953-8984/21/i=47/a=474210},
	Volume = {21},
	Year = {2009},
	Bdsk-Url-1 = {http://stacks.iop.org/0953-8984/21/i=47/a=474210}}

@article{Elsholz2,
	Author = {F. Elsholz and M. Meixner and E. Sch{\"o}ll},
	Date-Added = {2014-02-12 14:20:26 +0000},
	Date-Modified = {2014-02-23 22:17:00 +0000},
	Doi = {http://dx.doi.org/10.1016/S0168-583X(02)01865-7},
	Journal = {Nucl. Instrum. Methods Phys. Res., Sect. B},
	Keywords = {Elastic strain},
	Number = {249},
	Title = {Kinetic Monte Carlo simulation of self-organized pattern formation in thin film deposition},
	Volume = {202},
	Year = {2003},
	Bdsk-Url-1 = {http://www.sciencedirect.com/science/article/pii/S0168583X02018657},
	Bdsk-Url-2 = {http://dx.doi.org/10.1016/S0168-583X(02)01865-7}}

@article{LamLee,
	Author = {Lam, C.-H. and Lee, C.-H. and Sander, L. M.},
	Date-Added = {2014-02-12 14:18:32 +0000},
	Date-Modified = {2014-02-23 22:15:38 +0000},
	Journal = {Phys. Rev. Lett.},
	Month = {Nov},
	Number = {21},
	Publisher = {American Physical Society},
	Title = {Competing Roughening Mechanisms in Strained Heteroepitaxy: A Fast Kinetic Monte Carlo Study},
	Url = {http://link.aps.org/doi/10.1103/PhysRevLett.89.216102},
	Volume = {89},
	Year = {2002},
	Bdsk-Url-1 = {http://link.aps.org/doi/10.1103/PhysRevLett.89.216102},
	Bdsk-Url-2 = {http://dx.doi.org/10.1103/PhysRevLett.89.216102}}

@article{Gilmer,
	Author = {Gilmer, G.H.},
	Date-Added = {2014-02-12 14:13:33 +0000},
	Date-Modified = {2014-02-23 22:14:42 +0000},
	Journal = {J. Cryst. Growth},
	Number = {15},
	Title = {Growth on imperfect crystal faces I. Monte-Carlo growth rates},
	Volume = {35},
	Year = {1976}}

@article{Kohli,
	Author = {C.S. Kohli and M.B. Ives},
	Date-Added = {2014-02-12 14:09:23 +0000},
	Date-Modified = {2014-02-23 22:14:25 +0000},
	Doi = {http://dx.doi.org/10.1016/0022-0248(72)90103-0},
	Journal = {J. Cryst. Growth},
	Number = {2},
	Pages = {123 - 130},
	Title = {Computer simulation of crystal dissolution morphology},
	Url = {http://www.sciencedirect.com/science/article/pii/0022024872901030},
	Volume = {16},
	Year = {1972},
	Bdsk-Url-1 = {http://www.sciencedirect.com/science/article/pii/0022024872901030},
	Bdsk-Url-2 = {http://dx.doi.org/10.1016/0022-0248(72)90103-0}}

@article{GibsSampling,
	Author = {Geman, S. and Geman, D.},
	Date-Added = {2014-02-12 13:52:45 +0000},
	Date-Modified = {2014-02-23 22:13:44 +0000},
	Doi = {10.1080/02664769300000058},
	Journal = {J. Appl. Statist.},
	Number = {5-6},
	Pages = {25-62},
	Title = {Stochastic relaxation, Gibbs distributions and the Bayesian restoration of images},
	Url = {http://www.tandfonline.com/doi/abs/10.1080/02664769300000058},
	Volume = {20},
	Year = {1993},
	Bdsk-Url-1 = {http://www.tandfonline.com/doi/abs/10.1080/02664769300000058},
	Bdsk-Url-2 = {http://dx.doi.org/10.1080/02664769300000058}}

@article{MetropolisAlgo,
	Author = {Metropolis, N. and Rosenbluth, Arianna W. and Rosenbluth, Marshall N. and Teller, Augusta H. and Teller, Edward},
	Date-Added = {2014-02-12 13:38:11 +0000},
	Date-Modified = {2014-02-23 22:12:26 +0000},
	Doi = {http://dx.doi.org/10.1063/1.1699114},
	Journal = {J. Chem. Phys.},
	Number = {6},
	Pages = {1087-1092},
	Title = {Equation of State Calculations by Fast Computing Machines},
	Url = {http://scitation.aip.org/content/aip/journal/jcp/21/6/10.1063/1.1699114},
	Volume = {21},
	Year = {1953},
	Bdsk-Url-1 = {http://scitation.aip.org/content/aip/journal/jcp/21/6/10.1063/1.1699114},
	Bdsk-Url-2 = {http://dx.doi.org/10.1063/1.1699114}}

@article{Para6P,
	Author = {Hlawacek, G. and Puschnig, P. and Frank, P. and Winkler, A and Ambrosch-Draxl, C. and Teichert, C.},
	Date-Added = {2014-02-06 09:14:05 +0000},
	Date-Modified = {2014-02-14 10:10:27 +0000},
	Journal = {Science},
	Number = {5885},
	Pages = {108},
	Title = {Characterization of Step-Edge Barriers in Organic Thin-Film Growth},
	Volume = {321},
	Year = {2008},
	Bdsk-File-1 = {YnBsaXN0MDDUAQIDBAUGJCVYJHZlcnNpb25YJG9iamVjdHNZJGFyY2hpdmVyVCR0b3ASAAGGoKgHCBMUFRYaIVUkbnVsbNMJCgsMDxJXTlMua2V5c1pOUy5vYmplY3RzViRjbGFzc6INDoACgAOiEBGABIAFgAdccmVsYXRpdmVQYXRoWWFsaWFzRGF0YV8QLS4uL0xpdGVyYXR1ci9TY2llbmNlLTIwMDgtSGxhd2FjZWstMTA4LTExLnBkZtIXCxgZV05TLmRhdGFPEQIWAAAAAAIWAAIAAAxNYWNpbnRvc2ggSEQAAAAAAAAAAAAAAAAAAADO9sxXSCsAAAANsI4fU2NpZW5jZS0yMDA4LUhsYXdhY2UjMjcxQjY5LnBkZgAAAAAAAAAAAAAAAAAAAAAAAAAAAAAAAAAAAAAAAAAAACcbac8ZEOsAAAAAAAAAAAABAAIAAAkgAAAAAAAAAAAAAAAAAAAACUxpdGVyYXR1cgAAEAAIAADO9r5HAAAAEQAIAADPGQLbAAAAAQAYAA2wjgANmlYADZn3AA1qLQANaOsADWjoAAIAaU1hY2ludG9zaCBIRDpVc2VyczoAQ2hyaXM6AERvY3VtZW50czoAU3R1ZGl1bToAQmFjaGVsb3JhcmJlaXQ6AExpdGVyYXR1cjoAU2NpZW5jZS0yMDA4LUhsYXdhY2UjMjcxQjY5LnBkZgAADgBCACAAUwBjAGkAZQBuAGMAZQAtADIAMAAwADgALQBIAGwAYQB3AGEAYwBlAGsALQAxADAAOAAtADEAMQAuAHAAZABmAA8AGgAMAE0AYQBjAGkAbgB0AG8AcwBoACAASABEABIAV1VzZXJzL0NocmlzL0RvY3VtZW50cy9TdHVkaXVtL0JhY2hlbG9yYXJiZWl0L0xpdGVyYXR1ci9TY2llbmNlLTIwMDgtSGxhd2FjZWstMTA4LTExLnBkZgAAEwABLwAAFQACAAz//wAAgAbSGxwdHlokY2xhc3NuYW1lWCRjbGFzc2VzXU5TTXV0YWJsZURhdGGjHR8gVk5TRGF0YVhOU09iamVjdNIbHCIjXE5TRGljdGlvbmFyeaIiIF8QD05TS2V5ZWRBcmNoaXZlctEmJ1Ryb290gAEACAARABoAIwAtADIANwBAAEYATQBVAGAAZwBqAGwAbgBxAHMAdQB3AIQAjgC+AMMAywLlAucC7AL3AwADDgMSAxkDIgMnAzQDNwNJA0wDUQAAAAAAAAIBAAAAAAAAACgAAAAAAAAAAAAAAAAAAANT}}

@article{OrganicMolecules,
	Author = {Goose, J. E. and First, E. L. and Clancy, P.},
	Date-Added = {2014-02-06 09:10:40 +0000},
	Date-Modified = {2014-02-23 22:37:16 +0000},
	Doi = {10.1103/PhysRevB.81.205310},
	Journal = {Phys. Rev. B},
	Month = {May},
	Number = {20},
	Numpages = {20},
	Pages = {205310},
	Publisher = {American Physical Society},
	Title = {Nature of step-edge barriers for small organic molecules},
	Url = {http://link.aps.org/doi/10.1103/PhysRevB.81.205310},
	Volume = {81},
	Year = {2010},
	Bdsk-File-1 = {YnBsaXN0MDDUAQIDBAUGJCVYJHZlcnNpb25YJG9iamVjdHNZJGFyY2hpdmVyVCR0b3ASAAGGoKgHCBMUFRYaIVUkbnVsbNMJCgsMDxJXTlMua2V5c1pOUy5vYmplY3RzViRjbGFzc6INDoACgAOiEBGABIAFgAdccmVsYXRpdmVQYXRoWWFsaWFzRGF0YV8QIy4uL0xpdGVyYXR1ci9QaHlzUmV2Qi44MS4yMDUzMTAucGRm0hcLGBlXTlMuZGF0YU8RAe4AAAAAAe4AAgAADE1hY2ludG9zaCBIRAAAAAAAAAAAAAAAAAAAAM72zFdIKwAAAA2wjhZQaHlzUmV2Qi44MS4yMDUzMTAucGRmAAAAAAAAAAAAAAAAAAAAAAAAAAAAAAAAAAAAAAAAAAAAAAAAAAAAAAAAJxswzxkQPwAAAAAAAAAAAAEAAgAACSAAAAAAAAAAAAAAAAAAAAAJTGl0ZXJhdHVyAAAQAAgAAM72vkcAAAARAAgAAM8ZAi8AAAABABgADbCOAA2aVgANmfcADWotAA1o6wANaOgAAgBgTWFjaW50b3NoIEhEOlVzZXJzOgBDaHJpczoARG9jdW1lbnRzOgBTdHVkaXVtOgBCYWNoZWxvcmFyYmVpdDoATGl0ZXJhdHVyOgBQaHlzUmV2Qi44MS4yMDUzMTAucGRmAA4ALgAWAFAAaAB5AHMAUgBlAHYAQgAuADgAMQAuADIAMAA1ADMAMQAwAC4AcABkAGYADwAaAAwATQBhAGMAaQBuAHQAbwBzAGgAIABIAEQAEgBNVXNlcnMvQ2hyaXMvRG9jdW1lbnRzL1N0dWRpdW0vQmFjaGVsb3JhcmJlaXQvTGl0ZXJhdHVyL1BoeXNSZXZCLjgxLjIwNTMxMC5wZGYAABMAAS8AABUAAgAM//8AAIAG0hscHR5aJGNsYXNzbmFtZVgkY2xhc3Nlc11OU011dGFibGVEYXRhox0fIFZOU0RhdGFYTlNPYmplY3TSGxwiI1xOU0RpY3Rpb25hcnmiIiBfEA9OU0tleWVkQXJjaGl2ZXLRJidUcm9vdIABAAgAEQAaACMALQAyADcAQABGAE0AVQBgAGcAagBsAG4AcQBzAHUAdwCEAI4AtAC5AMECswK1AroCxQLOAtwC4ALnAvAC9QMCAwUDFwMaAx8AAAAAAAACAQAAAAAAAAAoAAAAAAAAAAAAAAAAAAADIQ==},
	Bdsk-Url-1 = {http://link.aps.org/doi/10.1103/PhysRevB.81.205310},
	Bdsk-Url-2 = {http://dx.doi.org/10.1103/PhysRevB.81.205310}}

@article{negSchwoebelBarrierRef,
	Author = {Jones, A. K. and Ballestad, Anders and Li, Tian and Whitwick, Michael and Rottler, J\"org and Tiedje, T.},
	Date-Added = {2014-02-06 09:08:24 +0000},
	Date-Modified = {2014-02-23 22:34:26 +0000},
	Doi = {10.1103/PhysRevB.79.205419},
	Journal = {Phys. Rev. B},
	Month = {May},
	Number = {20},
	Numpages = {5},
	Pages = {205419},
	Publisher = {American Physical Society},
	Title = {Faceting at the step flow threshold in epitaxial growth on patterned surfaces},
	Url = {http://link.aps.org/doi/10.1103/PhysRevB.79.205419},
	Volume = {79},
	Year = {2009},
	Bdsk-File-1 = {YnBsaXN0MDDUAQIDBAUGJCVYJHZlcnNpb25YJG9iamVjdHNZJGFyY2hpdmVyVCR0b3ASAAGGoKgHCBMUFRYaIVUkbnVsbNMJCgsMDxJXTlMua2V5c1pOUy5vYmplY3RzViRjbGFzc6INDoACgAOiEBGABIAFgAdccmVsYXRpdmVQYXRoWWFsaWFzRGF0YV8QIy4uL0xpdGVyYXR1ci9QaHlzUmV2Qi43OS4yMDU0MTkucGRm0hcLGBlXTlMuZGF0YU8RAe4AAAAAAe4AAgAADE1hY2ludG9zaCBIRAAAAAAAAAAAAAAAAAAAAM72zFdIKwAAAA2wjhZQaHlzUmV2Qi43OS4yMDU0MTkucGRmAAAAAAAAAAAAAAAAAAAAAAAAAAAAAAAAAAAAAAAAAAAAAAAAAAAAAAAAJxq5zxkPuAAAAAAAAAAAAAEAAgAACSAAAAAAAAAAAAAAAAAAAAAJTGl0ZXJhdHVyAAAQAAgAAM72vkcAAAARAAgAAM8ZAagAAAABABgADbCOAA2aVgANmfcADWotAA1o6wANaOgAAgBgTWFjaW50b3NoIEhEOlVzZXJzOgBDaHJpczoARG9jdW1lbnRzOgBTdHVkaXVtOgBCYWNoZWxvcmFyYmVpdDoATGl0ZXJhdHVyOgBQaHlzUmV2Qi43OS4yMDU0MTkucGRmAA4ALgAWAFAAaAB5AHMAUgBlAHYAQgAuADcAOQAuADIAMAA1ADQAMQA5AC4AcABkAGYADwAaAAwATQBhAGMAaQBuAHQAbwBzAGgAIABIAEQAEgBNVXNlcnMvQ2hyaXMvRG9jdW1lbnRzL1N0dWRpdW0vQmFjaGVsb3JhcmJlaXQvTGl0ZXJhdHVyL1BoeXNSZXZCLjc5LjIwNTQxOS5wZGYAABMAAS8AABUAAgAM//8AAIAG0hscHR5aJGNsYXNzbmFtZVgkY2xhc3Nlc11OU011dGFibGVEYXRhox0fIFZOU0RhdGFYTlNPYmplY3TSGxwiI1xOU0RpY3Rpb25hcnmiIiBfEA9OU0tleWVkQXJjaGl2ZXLRJidUcm9vdIABAAgAEQAaACMALQAyADcAQABGAE0AVQBgAGcAagBsAG4AcQBzAHUAdwCEAI4AtAC5AMECswK1AroCxQLOAtwC4ALnAvAC9QMCAwUDFwMaAx8AAAAAAAACAQAAAAAAAAAoAAAAAAAAAAAAAAAAAAADIQ==},
	Bdsk-Url-1 = {http://link.aps.org/doi/10.1103/PhysRevB.79.205419},
	Bdsk-Url-2 = {http://dx.doi.org/10.1103/PhysRevB.79.205419}}

@article{BrownianMotion,
	Author = {Reimann, P. and Van den Broeck, C. and Linke, H. and H\"anggi, P. and Rubi, J. M. and P\'erez-Madrid, A.},
	Date-Added = {2014-02-04 15:06:25 +0000},
	Date-Modified = {2014-02-23 22:34:05 +0000},
	Doi = {10.1103/PhysRevE.65.031104},
	Journal = {Phys. Rev. E},
	Month = {Feb},
	Number = {3},
	Numpages = {16},
	Pages = {031104},
	Publisher = {American Physical Society},
	Title = {Diffusion in tilted periodic potentials: Enhancement, universality, and scaling},
	Url = {http://link.aps.org/doi/10.1103/PhysRevE.65.031104},
	Volume = {65},
	Year = {2002},
	Bdsk-File-1 = {YnBsaXN0MDDUAQIDBAUGJCVYJHZlcnNpb25YJG9iamVjdHNZJGFyY2hpdmVyVCR0b3ASAAGGoKgHCBMUFRYaIVUkbnVsbNMJCgsMDxJXTlMua2V5c1pOUy5vYmplY3RzViRjbGFzc6INDoACgAOiEBGABIAFgAdccmVsYXRpdmVQYXRoWWFsaWFzRGF0YV8QIy4uL0xpdGVyYXR1ci9QaHlzUmV2RS42NS4wMzExMDQucGRm0hcLGBlXTlMuZGF0YU8RAe4AAAAAAe4AAgAADE1hY2ludG9zaCBIRAAAAAAAAAAAAAAAAAAAAM72zFdIKwAAAA2wjhZQaHlzUmV2RS42NS4wMzExMDQucGRmAAAAAAAAAAAAAAAAAAAAAAAAAAAAAAAAAAAAAAAAAAAAAAAAAAAAAAAAJaIhzxbAwgAAAAAAAAAAAAEAAgAACSAAAAAAAAAAAAAAAAAAAAAJTGl0ZXJhdHVyAAAQAAgAAM72vkcAAAARAAgAAM8WsrIAAAABABgADbCOAA2aVgANmfcADWotAA1o6wANaOgAAgBgTWFjaW50b3NoIEhEOlVzZXJzOgBDaHJpczoARG9jdW1lbnRzOgBTdHVkaXVtOgBCYWNoZWxvcmFyYmVpdDoATGl0ZXJhdHVyOgBQaHlzUmV2RS42NS4wMzExMDQucGRmAA4ALgAWAFAAaAB5AHMAUgBlAHYARQAuADYANQAuADAAMwAxADEAMAA0AC4AcABkAGYADwAaAAwATQBhAGMAaQBuAHQAbwBzAGgAIABIAEQAEgBNVXNlcnMvQ2hyaXMvRG9jdW1lbnRzL1N0dWRpdW0vQmFjaGVsb3JhcmJlaXQvTGl0ZXJhdHVyL1BoeXNSZXZFLjY1LjAzMTEwNC5wZGYAABMAAS8AABUAAgAM//8AAIAG0hscHR5aJGNsYXNzbmFtZVgkY2xhc3Nlc11OU011dGFibGVEYXRhox0fIFZOU0RhdGFYTlNPYmplY3TSGxwiI1xOU0RpY3Rpb25hcnmiIiBfEA9OU0tleWVkQXJjaGl2ZXLRJidUcm9vdIABAAgAEQAaACMALQAyADcAQABGAE0AVQBgAGcAagBsAG4AcQBzAHUAdwCEAI4AtAC5AMECswK1AroCxQLOAtwC4ALnAvAC9QMCAwUDFwMaAx8AAAAAAAACAQAAAAAAAAAoAAAAAAAAAAAAAAAAAAADIQ==},
	Bdsk-Url-1 = {http://link.aps.org/doi/10.1103/PhysRevE.65.031104},
	Bdsk-Url-2 = {http://dx.doi.org/10.1103/PhysRevE.65.031104}}

@article{DendriticGraphite,
	Author = {Liu, H. and Reinke, P.},
	Date-Added = {2014-02-04 11:40:07 +0000},
	Date-Modified = {2014-02-23 22:38:04 +0000},
	Doi = {http://dx.doi.org/10.1063/1.2186310},
	Journal = {J. Chem. Phys.},
	Number = {16},
	Pages = {-},
	Title = {C60 thin film growth on graphite: Coexistence of spherical and fractal-dendritic islands},
	Url = {http://scitation.aip.org/content/aip/journal/jcp/124/16/10.1063/1.2186310},
	Volume = {124},
	Year = {2006},
	Bdsk-Url-1 = {http://scitation.aip.org/content/aip/journal/jcp/124/16/10.1063/1.2186310},
	Bdsk-Url-2 = {http://dx.doi.org/10.1063/1.2186310}}

@article{Cohen,
	Author = {P.I. Cohen and G.S. Petrich and P.R. Pukite and G.J. Whaley and A.S. Arrott},
	Date-Added = {2014-02-03 11:20:57 +0000},
	Date-Modified = {2014-02-23 22:40:44 +0000},
	Doi = {http://dx.doi.org/10.1016/0039-6028(89)90655-9},
	Journal = {Surf. Sci.},
	Number = {1-2},
	Pages = {222 - 248},
	Title = {Birth-death models of epitaxy: I. Diffraction oscillations from low index surfaces},
	Url = {http://www.sciencedirect.com/science/article/pii/0039602889906559},
	Volume = {216},
	Year = {1989},
	Bdsk-Url-1 = {http://www.sciencedirect.com/science/article/pii/0039602889906559},
	Bdsk-Url-2 = {http://dx.doi.org/10.1016/0039-6028(89)90655-9}}

@article{Junhua,
	Author = {Xu, J. and Yu, L. and Kojima, I.},
	Date-Added = {2014-02-03 00:16:23 +0000},
	Date-Modified = {2014-02-23 22:39:51 +0000},
	Doi = {http://dx.doi.org/10.1063/1.1617358},
	Journal = {J. Appl. Phys.},
	Number = {10},
	Pages = {6827-6836},
	Title = {Surface evolution of nanostructured CrN and Si3N4 films},
	Url = {http://scitation.aip.org/content/aip/journal/jap/94/10/10.1063/1.1617358},
	Volume = {94},
	Year = {2003},
	Bdsk-Url-1 = {http://scitation.aip.org/content/aip/journal/jap/94/10/10.1063/1.1617358},
	Bdsk-Url-2 = {http://dx.doi.org/10.1063/1.1617358}}

@article{Luhman,
	Author = {Luhman, D. R. and Hallock, R. B.},
	Date-Added = {2014-02-03 00:12:33 +0000},
	Date-Modified = {2014-02-23 22:39:29 +0000},
	Doi = {10.1103/PhysRevLett.92.256102},
	Journal = {Phys. Rev. Lett.},
	Month = {Jun},
	Number = {25},
	Numpages = {4},
	Pages = {256102},
	Publisher = {American Physical Society},
	Title = {Evidence for Power-Law Dominated Noise in Vacuum Deposited CaF2},
	Url = {http://link.aps.org/doi/10.1103/PhysRevLett.92.256102},
	Volume = {92},
	Year = {2004},
	Bdsk-Url-1 = {http://link.aps.org/doi/10.1103/PhysRevLett.92.256102},
	Bdsk-Url-2 = {http://dx.doi.org/10.1103/PhysRevLett.92.256102}}

@article{Elsholz,
	Author = {Elsholz, F. and Sch{\"o}ll, E. and Scharfenorth, C. and Seewald, G. and Eichler, H. J. and Rosenfeld, A.},
	Date-Added = {2014-02-03 00:11:17 +0000},
	Date-Modified = {2014-02-23 22:40:15 +0000},
	Doi = {http://dx.doi.org/10.1063/1.2130521},
	Journal = {J. Appl. Phys.},
	Number = {10},
	Pages = {-},
	Title = {Roughness evolution in thin-film growth of SiO2 and Nb2O5},
	Url = {http://scitation.aip.org/content/aip/journal/jap/98/10/10.1063/1.2130521},
	Volume = {98},
	Year = {2005},
	Bdsk-Url-1 = {http://scitation.aip.org/content/aip/journal/jap/98/10/10.1063/1.2130521},
	Bdsk-Url-2 = {http://dx.doi.org/10.1063/1.2130521}}

@incollection{DasSarma2,
	Adsnote = {Provided by the SAO/NASA Astrophysics Data System},
	Adsurl = {http://adsabs.harvard.edu/abs/1997cond.mat..5118D},
	Author = {Das Sarma, S.},
	Booktitle = {Morphological Organization in Epitaxial Growth and Removal},
	Date-Added = {2014-02-03 00:03:56 +0000},
	Date-Modified = {2014-02-23 22:57:00 +0000},
	Journal = {eprint arXiv:cond-mat/9705118},
	Keywords = {Condensed Matter - Statistical Mechanics},
	Pages = {94},
	Publisher = {World Scientific Pub Co Inc},
	Series = {Series on Directions in Condensed Matter Physics},
	Title = {Dynamic Scaling in Epitaxial Growth},
	Volume = {14},
	Year = 1999}

@article{DasSarma,
	Author = {Das Sarma, S. and Lanczycki, C. J. and Kotlyar, R. and Ghaisas, S. V.},
	Date-Added = {2014-02-02 23:58:08 +0000},
	Date-Modified = {2014-02-23 22:38:30 +0000},
	Doi = {10.1103/PhysRevE.53.359},
	Journal = {Phys. Rev. E},
	Month = {Jan},
	Number = {1},
	Numpages = {0},
	Pages = {359--388},
	Publisher = {American Physical Society},
	Title = {Scale invariance and dynamical correlations in growth models of molecular beam epitaxy},
	Url = {http://link.aps.org/doi/10.1103/PhysRevE.53.359},
	Volume = {53},
	Year = {1996},
	Bdsk-Url-1 = {http://link.aps.org/doi/10.1103/PhysRevE.53.359},
	Bdsk-Url-2 = {http://dx.doi.org/10.1103/PhysRevE.53.359}}

@article{HhcTheoretical,
	Author = {Yu, J. and Amar, J. G.},
	Date-Added = {2014-02-01 11:36:58 +0000},
	Date-Modified = {2014-02-23 22:27:43 +0000},
	Doi = {10.1103/PhysRevE.66.021603},
	Journal = {Phys. Rev. E},
	Month = {Aug},
	Number = {2},
	Numpages = {8},
	Pages = {021603},
	Publisher = {American Physical Society},
	Title = {Dynamical scaling behavior in two-dimensional ballistic deposition with shadowing},
	Url = {http://link.aps.org/doi/10.1103/PhysRevE.66.021603},
	Volume = {66},
	Year = {2002},
	Bdsk-File-1 = {YnBsaXN0MDDUAQIDBAUGJCVYJHZlcnNpb25YJG9iamVjdHNZJGFyY2hpdmVyVCR0b3ASAAGGoKgHCBMUFRYaIVUkbnVsbNMJCgsMDxJXTlMua2V5c1pOUy5vYmplY3RzViRjbGFzc6INDoACgAOiEBGABIAFgAdccmVsYXRpdmVQYXRoWWFsaWFzRGF0YV8QHy4uL0xpdGVyYXR1ci9IaGNUaGVvcmV0aWNhbC5wZGbSFwsYGVdOUy5kYXRhTxEB3gAAAAAB3gACAAAMTWFjaW50b3NoIEhEAAAAAAAAAAAAAAAAAAAAzvbMV0grAAAADbCOEkhoY1RoZW9yZXRpY2FsLnBkZgAAAAAAAAAAAAAAAAAAAAAAAAAAAAAAAAAAAAAAAAAAAAAAAAAAAAAAAAAAAAAkDa3PEprhAAAAAAAAAAAAAQACAAAJIAAAAAAAAAAAAAAAAAAAAAlMaXRlcmF0dXIAABAACAAAzva+RwAAABEACAAAzxKM0QAAAAEAGAANsI4ADZpWAA2Z9wANai0ADWjrAA1o6AACAFxNYWNpbnRvc2ggSEQ6VXNlcnM6AENocmlzOgBEb2N1bWVudHM6AFN0dWRpdW06AEJhY2hlbG9yYXJiZWl0OgBMaXRlcmF0dXI6AEhoY1RoZW9yZXRpY2FsLnBkZgAOACYAEgBIAGgAYwBUAGgAZQBvAHIAZQB0AGkAYwBhAGwALgBwAGQAZgAPABoADABNAGEAYwBpAG4AdABvAHMAaAAgAEgARAASAElVc2Vycy9DaHJpcy9Eb2N1bWVudHMvU3R1ZGl1bS9CYWNoZWxvcmFyYmVpdC9MaXRlcmF0dXIvSGhjVGhlb3JldGljYWwucGRmAAATAAEvAAAVAAIADP//AACABtIbHB0eWiRjbGFzc25hbWVYJGNsYXNzZXNdTlNNdXRhYmxlRGF0YaMdHyBWTlNEYXRhWE5TT2JqZWN00hscIiNcTlNEaWN0aW9uYXJ5oiIgXxAPTlNLZXllZEFyY2hpdmVy0SYnVHJvb3SAAQAIABEAGgAjAC0AMgA3AEAARgBNAFUAYABnAGoAbABuAHEAcwB1AHcAhACOALAAtQC9Ap8CoQKmArECugLIAswC0wLcAuEC7gLxAwMDBgMLAAAAAAAAAgEAAAAAAAAAKAAAAAAAAAAAAAAAAAAAAw0=},
	Bdsk-Url-1 = {http://link.aps.org/doi/10.1103/PhysRevE.66.021603},
	Bdsk-Url-2 = {http://dx.doi.org/10.1103/PhysRevE.66.021603}}

@article{HhcSTM,
	Author = {Karmakar. P. and Ghose, D.},
	Date-Added = {2014-02-01 11:33:23 +0000},
	Date-Modified = {2014-02-23 22:27:20 +0000},
	Doi = {http://dx.doi.org/10.1016/j.susc.2004.02.020},
	Journal = {Surf. Sci.},
	Keywords = {Atomic force microscopy},
	Number = {2-3},
	Pages = {L101 - L106},
	Title = {Ion beam sputtering induced ripple formation in thin metal films},
	Url = {http://www.sciencedirect.com/science/article/pii/S0039602804001803},
	Volume = {554},
	Year = {2004},
	Bdsk-File-1 = {YnBsaXN0MDDUAQIDBAUGJCVYJHZlcnNpb25YJG9iamVjdHNZJGFyY2hpdmVyVCR0b3ASAAGGoKgHCBMUFRYaIVUkbnVsbNMJCgsMDxJXTlMua2V5c1pOUy5vYmplY3RzViRjbGFzc6INDoACgAOiEBGABIAFgAdccmVsYXRpdmVQYXRoWWFsaWFzRGF0YV8QFy4uL0xpdGVyYXR1ci9oaGNTVE0ucGRm0hcLGBlXTlMuZGF0YU8RAb4AAAAAAb4AAgAADE1hY2ludG9zaCBIRAAAAAAAAAAAAAAAAAAAAM72zFdIKwAAAA2wjgpoaGNTVE0ucGRmAAAAAAAAAAAAAAAAAAAAAAAAAAAAAAAAAAAAAAAAAAAAAAAAAAAAAAAAAAAAAAAAAAAAAAAAJAxgzxKZ1QAAAAAAAAAAAAEAAgAACSAAAAAAAAAAAAAAAAAAAAAJTGl0ZXJhdHVyAAAQAAgAAM72vkcAAAARAAgAAM8Si8UAAAABABgADbCOAA2aVgANmfcADWotAA1o6wANaOgAAgBUTWFjaW50b3NoIEhEOlVzZXJzOgBDaHJpczoARG9jdW1lbnRzOgBTdHVkaXVtOgBCYWNoZWxvcmFyYmVpdDoATGl0ZXJhdHVyOgBoaGNTVE0ucGRmAA4AFgAKAGgAaABjAFMAVABNAC4AcABkAGYADwAaAAwATQBhAGMAaQBuAHQAbwBzAGgAIABIAEQAEgBBVXNlcnMvQ2hyaXMvRG9jdW1lbnRzL1N0dWRpdW0vQmFjaGVsb3JhcmJlaXQvTGl0ZXJhdHVyL2hoY1NUTS5wZGYAABMAAS8AABUAAgAM//8AAIAG0hscHR5aJGNsYXNzbmFtZVgkY2xhc3Nlc11OU011dGFibGVEYXRhox0fIFZOU0RhdGFYTlNPYmplY3TSGxwiI1xOU0RpY3Rpb25hcnmiIiBfEA9OU0tleWVkQXJjaGl2ZXLRJidUcm9vdIABAAgAEQAaACMALQAyADcAQABGAE0AVQBgAGcAagBsAG4AcQBzAHUAdwCEAI4AqACtALUCdwJ5An4CiQKSAqACpAKrArQCuQLGAskC2wLeAuMAAAAAAAACAQAAAAAAAAAoAAAAAAAAAAAAAAAAAAAC5Q==},
	Bdsk-Url-1 = {http://www.sciencedirect.com/science/article/pii/S0039602804001803},
	Bdsk-Url-2 = {http://dx.doi.org/10.1016/j.susc.2004.02.020}}

@article{height2,
	Author = {Stroscio, J. A. and Pierce, D. T. and Stiles, M. D. and Zangwill, A. and Sander, L. M.},
	Date-Added = {2014-02-01 10:33:37 +0000},
	Date-Modified = {2014-02-23 22:26:39 +0000},
	Doi = {10.1103/PhysRevLett.75.4246},
	Journal = {Phys. Rev. Lett.},
	Month = {Dec},
	Number = {23},
	Numpages = {0},
	Pages = {4246--4249},
	Publisher = {American Physical Society},
	Title = {Coarsening of Unstable Surface Features during Fe(001) Homoepitaxy},
	Url = {http://link.aps.org/doi/10.1103/PhysRevLett.75.4246},
	Volume = {75},
	Year = {1995},
	Bdsk-File-1 = {YnBsaXN0MDDUAQIDBAUGJCVYJHZlcnNpb25YJG9iamVjdHNZJGFyY2hpdmVyVCR0b3ASAAGGoKgHCBMUFRYaIVUkbnVsbNMJCgsMDxJXTlMua2V5c1pOUy5vYmplY3RzViRjbGFzc6INDoACgAOiEBGABIAFgAdccmVsYXRpdmVQYXRoWWFsaWFzRGF0YV8QGC4uL0xpdGVyYXR1ci9oZWlnaHQyLnBkZtIXCxgZV05TLmRhdGFPEQHCAAAAAAHCAAIAAAxNYWNpbnRvc2ggSEQAAAAAAAAAAAAAAAAAAADO9sxXSCsAAAANsI4LaGVpZ2h0Mi5wZGYAAAAAAAAAAAAAAAAAAAAAAAAAAAAAAAAAAAAAAAAAAAAAAAAAAAAAAAAAAAAAAAAAAAAAACMZgs8RQ8cAAAAAAAAAAAABAAIAAAkgAAAAAAAAAAAAAAAAAAAACUxpdGVyYXR1cgAAEAAIAADO9r5HAAAAEQAIAADPETW3AAAAAQAYAA2wjgANmlYADZn3AA1qLQANaOsADWjoAAIAVU1hY2ludG9zaCBIRDpVc2VyczoAQ2hyaXM6AERvY3VtZW50czoAU3R1ZGl1bToAQmFjaGVsb3JhcmJlaXQ6AExpdGVyYXR1cjoAaGVpZ2h0Mi5wZGYAAA4AGAALAGgAZQBpAGcAaAB0ADIALgBwAGQAZgAPABoADABNAGEAYwBpAG4AdABvAHMAaAAgAEgARAASAEJVc2Vycy9DaHJpcy9Eb2N1bWVudHMvU3R1ZGl1bS9CYWNoZWxvcmFyYmVpdC9MaXRlcmF0dXIvaGVpZ2h0Mi5wZGYAEwABLwAAFQACAAz//wAAgAbSGxwdHlokY2xhc3NuYW1lWCRjbGFzc2VzXU5TTXV0YWJsZURhdGGjHR8gVk5TRGF0YVhOU09iamVjdNIbHCIjXE5TRGljdGlvbmFyeaIiIF8QD05TS2V5ZWRBcmNoaXZlctEmJ1Ryb290gAEACAARABoAIwAtADIANwBAAEYATQBVAGAAZwBqAGwAbgBxAHMAdQB3AIQAjgCpAK4AtgJ8An4CgwKOApcCpQKpArACuQK+AssCzgLgAuMC6AAAAAAAAAIBAAAAAAAAACgAAAAAAAAAAAAAAAAAAALq},
	Bdsk-Url-1 = {http://link.aps.org/doi/10.1103/PhysRevLett.75.4246},
	Bdsk-Url-2 = {http://dx.doi.org/10.1103/PhysRevLett.75.4246}}

@article{height1,
	Author = {\v{S}\fi{}milauer, P. and Vvedensky, D. D.},
	Date-Added = {2014-02-01 10:32:42 +0000},
	Date-Modified = {2014-02-23 22:25:32 +0000},
	Doi = {10.1103/PhysRevB.52.14263},
	Journal = {Phys. Rev. B},
	Month = {Nov},
	Number = {19},
	Pages = {14263--14272},
	Publisher = {American Physical Society},
	Title = {Coarsening and slope evolution during unstable spitaxial growth},
	Url = {http://link.aps.org/doi/10.1103/PhysRevB.52.14263},
	Volume = {52},
	Year = {1995},
	Bdsk-File-1 = {YnBsaXN0MDDUAQIDBAUGJCVYJHZlcnNpb25YJG9iamVjdHNZJGFyY2hpdmVyVCR0b3ASAAGGoKgHCBMUFRYaIVUkbnVsbNMJCgsMDxJXTlMua2V5c1pOUy5vYmplY3RzViRjbGFzc6INDoACgAOiEBGABIAFgAdccmVsYXRpdmVQYXRoWWFsaWFzRGF0YV8QGC4uL0xpdGVyYXR1ci9oZWlnaHQxLnBkZtIXCxgZV05TLmRhdGFPEQHCAAAAAAHCAAIAAAxNYWNpbnRvc2ggSEQAAAAAAAAAAAAAAAAAAADO9sxXSCsAAAANsI4LaGVpZ2h0MS5wZGYAAAAAAAAAAAAAAAAAAAAAAAAAAAAAAAAAAAAAAAAAAAAAAAAAAAAAAAAAAAAAAAAAAAAAACMZh88RQ8wAAAAAAAAAAAABAAIAAAkgAAAAAAAAAAAAAAAAAAAACUxpdGVyYXR1cgAAEAAIAADO9r5HAAAAEQAIAADPETW8AAAAAQAYAA2wjgANmlYADZn3AA1qLQANaOsADWjoAAIAVU1hY2ludG9zaCBIRDpVc2VyczoAQ2hyaXM6AERvY3VtZW50czoAU3R1ZGl1bToAQmFjaGVsb3JhcmJlaXQ6AExpdGVyYXR1cjoAaGVpZ2h0MS5wZGYAAA4AGAALAGgAZQBpAGcAaAB0ADEALgBwAGQAZgAPABoADABNAGEAYwBpAG4AdABvAHMAaAAgAEgARAASAEJVc2Vycy9DaHJpcy9Eb2N1bWVudHMvU3R1ZGl1bS9CYWNoZWxvcmFyYmVpdC9MaXRlcmF0dXIvaGVpZ2h0MS5wZGYAEwABLwAAFQACAAz//wAAgAbSGxwdHlokY2xhc3NuYW1lWCRjbGFzc2VzXU5TTXV0YWJsZURhdGGjHR8gVk5TRGF0YVhOU09iamVjdNIbHCIjXE5TRGljdGlvbmFyeaIiIF8QD05TS2V5ZWRBcmNoaXZlctEmJ1Ryb290gAEACAARABoAIwAtADIANwBAAEYATQBVAGAAZwBqAGwAbgBxAHMAdQB3AIQAjgCpAK4AtgJ8An4CgwKOApcCpQKpArACuQK+AssCzgLgAuMC6AAAAAAAAAIBAAAAAAAAACgAAAAAAAAAAAAAAAAAAALq},
	Bdsk-Url-1 = {http://link.aps.org/doi/10.1103/PhysRevB.52.14263},
	Bdsk-Url-2 = {http://dx.doi.org/10.1103/PhysRevB.52.14263}}

@incollection{Reuter,
	Author = {Reuter, K.},
	Booktitle = {Modeling and Simulation of Heterogeneous Catalytic Reactions: From the Molecular Process to the Technical System},
	Date-Added = {2013-12-13 19:18:37 +0000},
	Date-Modified = {2014-02-23 22:59:09 +0000},
	Publisher = {Wiley-VCH},
	Title = {First-Principles Kinetic Monte Carlo Simulations for Heterogeneous Catalysis: Concepts, Status and Frontiers},
	Year = {2011}}

@book{rubinstein,
	Author = {Rubinstein, R. Y.},
	Date-Added = {2013-12-13 16:43:16 +0000},
	Date-Modified = {2014-02-23 22:58:14 +0000},
	Number = {Sec. 3.2},
	Publisher = {(John Wiley \& Sons Inc., Hoboken, 1981)},
	Title = {Simulation and the Monte Carlo Method}}

@article{Marmorkos,
	Author = {Marmorkos, I. K. and Das Sarma, S.},
	Date-Added = {2013-12-13 15:51:25 +0000},
	Date-Modified = {2013-12-13 15:51:45 +0000},
	Journal = {Phys. Rev. B},
	Month = {May},
	Number = {11262},
	Publisher = {American Physical Society},
	Title = {Atomistic numerical study of molecular-beam-epitaxial growth kinetics},
	Url = {http://link.aps.org/doi/10.1103/PhysRevB.45.11262},
	Volume = {45},
	Year = {1992},
	Bdsk-Url-1 = {http://link.aps.org/doi/10.1103/PhysRevB.45.11262},
	Bdsk-Url-2 = {http://dx.doi.org/10.1103/PhysRevB.45.11262}}

@article{Jones,
	Author = {Jones, A. K. and Ballestad, Anders and Li, Tian and Whitwick, Michael and Rottler, J\"org and Tiedje, T.},
	Date-Added = {2013-12-13 15:44:50 +0000},
	Date-Modified = {2014-02-23 22:34:38 +0000},
	Journal = {Phys. Rev. B},
	Month = {May},
	Number = {20},
	Publisher = {American Physical Society},
	Title = {Faceting at the step flow threshold in epitaxial growth on patterned surfaces},
	Url = {http://link.aps.org/doi/10.1103/PhysRevB.79.205419},
	Volume = {79},
	Year = {2009},
	Bdsk-Url-1 = {http://link.aps.org/doi/10.1103/PhysRevB.79.205419},
	Bdsk-Url-2 = {http://dx.doi.org/10.1103/PhysRevB.79.205419}}

@article{Gyure,
	Author = {Gyure, M. F. and Zinck, Jennifer J. and Ratsch, Christian and Vvedensky, Dimitri D.},
	Date-Added = {2013-12-13 15:43:25 +0000},
	Date-Modified = {2014-02-23 22:21:46 +0000},
	Journal = {Phys. Rev. Lett.},
	Month = {Nov},
	Number = {4931},
	Publisher = {American Physical Society},
	Title = {Unstable Growth on Rough Surfaces},
	Url = {http://link.aps.org/doi/10.1103/PhysRevLett.81.4931},
	Volume = {81},
	Year = {1998},
	Bdsk-Url-1 = {http://link.aps.org/doi/10.1103/PhysRevLett.81.4931},
	Bdsk-Url-2 = {http://dx.doi.org/10.1103/PhysRevLett.81.4931}}

@book{Chandler,
	Adsurl = {http://adsabs.harvard.edu/abs/1987imsm.book.....C},
	Author = {Chandler, D.},
	Date-Added = {2013-12-13 15:39:01 +0000},
	Date-Modified = {2014-02-23 22:42:55 +0000},
	Number = {Sec. 8.3},
	Publisher = {(Oxford University Press, New York/Oxford, 1987)},
	Title = {Introduction to Modern Statistical Mechanics}}

@article{Onsager2,
	Author = {Onsager, L.},
	Date-Added = {2013-12-13 15:32:30 +0000},
	Date-Modified = {2014-02-23 22:21:15 +0000},
	Doi = {10.1103/PhysRev.38.2265},
	Journal = {Phys. Rev.},
	Month = {Dec},
	Number = {2265},
	Publisher = {American Physical Society},
	Title = {Reciprocal Relations in Irreversible Processes. II.},
	Url = {http://link.aps.org/doi/10.1103/PhysRev.38.2265},
	Volume = {38},
	Year = {1931},
	Bdsk-Url-1 = {http://link.aps.org/doi/10.1103/PhysRev.38.2265},
	Bdsk-Url-2 = {http://dx.doi.org/10.1103/PhysRev.38.2265}}

@article{Onsager1,
	Author = {Onsager, L.},
	Date-Added = {2013-12-13 15:31:59 +0000},
	Date-Modified = {2014-02-23 22:21:11 +0000},
	Doi = {10.1103/PhysRev.37.405},
	Journal = {Phys. Rev.},
	Month = {Feb},
	Number = {405},
	Publisher = {American Physical Society},
	Title = {Reciprocal Relations in Irreversible Processes. I.},
	Url = {http://link.aps.org/doi/10.1103/PhysRev.37.405},
	Volume = {37},
	Year = {1931},
	Bdsk-Url-1 = {http://link.aps.org/doi/10.1103/PhysRev.37.405},
	Bdsk-Url-2 = {http://dx.doi.org/10.1103/PhysRev.37.405}}

@article{Gillespie,
	Author = {Gillespie,D. T.},
	Date-Added = {2013-12-05 15:04:32 +0000},
	Date-Modified = {2014-02-23 22:20:19 +0000},
	Doi = {http://dx.doi.org/10.1016/0021-9991(76)90041-3},
	Journal = {J. Comp. Phys.},
	Number = {4},
	Pages = {403 - 434},
	Title = {A general method for numerically simulating the stochastic time evolution of coupled chemical reactions},
	Url = {http://www.sciencedirect.com/science/article/pii/0021999176900413},
	Volume = {22},
	Year = {1976},
	Bdsk-Url-1 = {http://www.sciencedirect.com/science/article/pii/0021999176900413},
	Bdsk-Url-2 = {http://dx.doi.org/10.1016/0021-9991(76)90041-3}}

@article{Bortz,
	Author = {A.B. Bortz and M.H. Kalos and J.L. Lebowitz},
	Date-Added = {2013-12-05 15:02:43 +0000},
	Date-Modified = {2014-02-23 22:17:59 +0000},
	Doi = {http://dx.doi.org/10.1016/0021-9991(75)90060-1},
	Journal = {J. Comp. Phys.},
	Number = {1},
	Pages = {10 - 18},
	Title = {A new algorithm for Monte Carlo simulation of Ising spin systems},
	Url = {http://www.sciencedirect.com/science/article/pii/0021999175900601},
	Volume = {17},
	Year = {1975},
	Bdsk-Url-1 = {http://www.sciencedirect.com/science/article/pii/0021999175900601},
	Bdsk-Url-2 = {http://dx.doi.org/10.1016/0021-9991(75)90060-1}}

@book{Feller,
	Author = {Feller, W.},
	Date-Added = {2013-12-05 11:44:22 +0000},
	Date-Modified = {2014-02-23 22:44:40 +0000},
	Publisher = {(Wiley-VCH, New York, 1966)},
	Title = {An Introduction to Probability Theory and its Applications, Vol. 1}}

@book{Norris,
	Author = {Norris, R.},
	Date-Added = {2013-12-05 11:40:57 +0000},
	Date-Modified = {2014-02-23 22:48:27 +0000},
	Publisher = {(Cambridge University Press, Cambridge, 1997)},
	Title = {Markov Chains}}

@article{Metro,
	Author = {Metropolis, N.},
	Date-Added = {2013-12-04 18:54:11 +0000},
	Date-Modified = {2013-12-04 18:55:34 +0000},
	Journal = {Los Alamos Science},
	Pages = {125},
	Title = {The Beginning of the Monte Carlo Method},
	Volume = {15},
	Year = {1987}}

@book{kMC-Sick,
	Author = {Sickafus, K. E. and Kotomin,E. A. and Uberuaga, B. P.},
	Date-Added = {2013-12-04 18:25:00 +0000},
	Date-Modified = {2014-02-23 22:55:38 +0000},
	Number = {Chapter 1},
	Publisher = {(Springer, 2007)},
	Series = {NATO Science Series},
	Title = {Radiation Effects in Solids},
	Volume = {235}}

@article{PhysRevB.77.245427,
	Author = {Zhou, Guangwen and Dai, Weiying and Yang, Judith C.},
	Date-Added = {2013-11-11 12:34:02 +0000},
	Date-Modified = {2013-11-11 12:34:02 +0000},
	Doi = {10.1103/PhysRevB.77.245427},
	Issue = {24},
	Journal = {Phys. Rev. B},
	Month = {Jun},
	Numpages = {5},
	Pages = {245427},
	Publisher = {American Physical Society},
	Title = {Crater formation via homoepitaxy of adatoms dislodged from reducing oxide islands on metal surfaces},
	Url = {http://link.aps.org/doi/10.1103/PhysRevB.77.245427},
	Volume = {77},
	Year = {2008},
	Bdsk-File-1 = {YnBsaXN0MDDUAQIDBAUGJCVYJHZlcnNpb25YJG9iamVjdHNZJGFyY2hpdmVyVCR0b3ASAAGGoKgHCBMUFRYaIVUkbnVsbNMJCgsMDxJXTlMua2V5c1pOUy5vYmplY3RzViRjbGFzc6INDoACgAOiEBGABIAFgAdccmVsYXRpdmVQYXRoWWFsaWFzRGF0YV8QIy4uL0xpdGVyYXR1ci9QaHlzUmV2Qi43Ny4yNDU0MjcucGRm0hcLGBlXTlMuZGF0YU8RAe4AAAAAAe4AAgAADE1hY2ludG9zaCBIRAAAAAAAAAAAAAAAAAAAAM72zFdIKwAAAA2wjhZQaHlzUmV2Qi43Ny4yNDU0MjcucGRmAAAAAAAAAAAAAAAAAAAAAAAAAAAAAAAAAAAAAAAAAAAAAAAAAAAAAAAADbCYzqaNXAAAAAAAAAAAAAEAAgAACSAAAAAAAAAAAAAAAAAAAAAJTGl0ZXJhdHVyAAAQAAgAAM72vkcAAAARAAgAAM6mf0wAAAABABgADbCOAA2aVgANmfcADWotAA1o6wANaOgAAgBgTWFjaW50b3NoIEhEOlVzZXJzOgBDaHJpczoARG9jdW1lbnRzOgBTdHVkaXVtOgBCYWNoZWxvcmFyYmVpdDoATGl0ZXJhdHVyOgBQaHlzUmV2Qi43Ny4yNDU0MjcucGRmAA4ALgAWAFAAaAB5AHMAUgBlAHYAQgAuADcANwAuADIANAA1ADQAMgA3AC4AcABkAGYADwAaAAwATQBhAGMAaQBuAHQAbwBzAGgAIABIAEQAEgBNVXNlcnMvQ2hyaXMvRG9jdW1lbnRzL1N0dWRpdW0vQmFjaGVsb3JhcmJlaXQvTGl0ZXJhdHVyL1BoeXNSZXZCLjc3LjI0NTQyNy5wZGYAABMAAS8AABUAAgAM//8AAIAG0hscHR5aJGNsYXNzbmFtZVgkY2xhc3Nlc11OU011dGFibGVEYXRhox0fIFZOU0RhdGFYTlNPYmplY3TSGxwiI1xOU0RpY3Rpb25hcnmiIiBfEA9OU0tleWVkQXJjaGl2ZXLRJidUcm9vdIABAAgAEQAaACMALQAyADcAQABGAE0AVQBgAGcAagBsAG4AcQBzAHUAdwCEAI4AtAC5AMECswK1AroCxQLOAtwC4ALnAvAC9QMCAwUDFwMaAx8AAAAAAAACAQAAAAAAAAAoAAAAAAAAAAAAAAAAAAADIQ==}}

@article{PhysRevB.72.035415,
	Author = {Miron, Radu A. and Fichthorn, Kristen A.},
	Date-Added = {2013-11-11 11:29:03 +0000},
	Date-Modified = {2013-11-11 11:29:03 +0000},
	Doi = {10.1103/PhysRevB.72.035415},
	Issue = {3},
	Journal = {Phys. Rev. B},
	Month = {Jul},
	Numpages = {7},
	Pages = {035415},
	Publisher = {American Physical Society},
	Title = {Heteroepitaxial growth of $\mathrm{Co}∕\mathrm{Cu}(001)$: An accelerated molecular dynamics simulation study},
	Url = {http://link.aps.org/doi/10.1103/PhysRevB.72.035415},
	Volume = {72},
	Year = {2005},
	Bdsk-File-1 = {YnBsaXN0MDDUAQIDBAUGJCVYJHZlcnNpb25YJG9iamVjdHNZJGFyY2hpdmVyVCR0b3ASAAGGoKgHCBMUFRYaIVUkbnVsbNMJCgsMDxJXTlMua2V5c1pOUy5vYmplY3RzViRjbGFzc6INDoACgAOiEBGABIAFgAdccmVsYXRpdmVQYXRoWWFsaWFzRGF0YV8QIy4uL0xpdGVyYXR1ci9QaHlzUmV2Qi43Mi4wMzU0MTUucGRm0hcLGBlXTlMuZGF0YU8RAe4AAAAAAe4AAgAADE1hY2ludG9zaCBIRAAAAAAAAAAAAAAAAAAAAM72zFdIKwAAAA2wjhZQaHlzUmV2Qi43Mi4wMzU0MTUucGRmAAAAAAAAAAAAAAAAAAAAAAAAAAAAAAAAAAAAAAAAAAAAAAAAAAAAAAAADbCWzqZ+IwAAAAAAAAAAAAEAAgAACSAAAAAAAAAAAAAAAAAAAAAJTGl0ZXJhdHVyAAAQAAgAAM72vkcAAAARAAgAAM6mcBMAAAABABgADbCOAA2aVgANmfcADWotAA1o6wANaOgAAgBgTWFjaW50b3NoIEhEOlVzZXJzOgBDaHJpczoARG9jdW1lbnRzOgBTdHVkaXVtOgBCYWNoZWxvcmFyYmVpdDoATGl0ZXJhdHVyOgBQaHlzUmV2Qi43Mi4wMzU0MTUucGRmAA4ALgAWAFAAaAB5AHMAUgBlAHYAQgAuADcAMgAuADAAMwA1ADQAMQA1AC4AcABkAGYADwAaAAwATQBhAGMAaQBuAHQAbwBzAGgAIABIAEQAEgBNVXNlcnMvQ2hyaXMvRG9jdW1lbnRzL1N0dWRpdW0vQmFjaGVsb3JhcmJlaXQvTGl0ZXJhdHVyL1BoeXNSZXZCLjcyLjAzNTQxNS5wZGYAABMAAS8AABUAAgAM//8AAIAG0hscHR5aJGNsYXNzbmFtZVgkY2xhc3Nlc11OU011dGFibGVEYXRhox0fIFZOU0RhdGFYTlNPYmplY3TSGxwiI1xOU0RpY3Rpb25hcnmiIiBfEA9OU0tleWVkQXJjaGl2ZXLRJidUcm9vdIABAAgAEQAaACMALQAyADcAQABGAE0AVQBgAGcAagBsAG4AcQBzAHUAdwCEAI4AtAC5AMECswK1AroCxQLOAtwC4ALnAvAC9QMCAwUDFwMaAx8AAAAAAAACAQAAAAAAAAAoAAAAAAAAAAAAAAAAAAADIQ==}}

@article{micaLatticeConstant,
	Author = {Schmicker, D. and Schmidt, S. and Skofronick, J. G. and Toennies, J. P. and Vollmer, R.},
	Date-Added = {2013-11-08 13:49:34 +0000},
	Date-Modified = {2014-02-23 22:07:02 +0000},
	Doi = {10.1103/PhysRevB.44.10995},
	Journal = {Phys. Rev. B},
	Month = {Nov},
	Number = {10995},
	Title = {Epitaxial growth of single-crystal ${\mathrm{C}}_{60}$ on mica by helium-atom scattering},
	Volume = {44},
	Year = {1991},
	Bdsk-File-1 = {YnBsaXN0MDDUAQIDBAUGJCVYJHZlcnNpb25YJG9iamVjdHNZJGFyY2hpdmVyVCR0b3ASAAGGoKgHCBMUFRYaIVUkbnVsbNMJCgsMDxJXTlMua2V5c1pOUy5vYmplY3RzViRjbGFzc6INDoACgAOiEBGABIAFgAdccmVsYXRpdmVQYXRoWWFsaWFzRGF0YV8QIi4uL0xpdGVyYXR1ci9QaHlzUmV2Qi40NC4xMDk5NS5wZGbSFwsYGVdOUy5kYXRhTxEB6gAAAAAB6gACAAAMTWFjaW50b3NoIEhEAAAAAAAAAAAAAAAAAAAAzvbMV0grAAAADbCOFVBoeXNSZXZCLjQ0LjEwOTk1LnBkZgAAAAAAAAAAAAAAAAAAAAAAAAAAAAAAAAAAAAAAAAAAAAAAAAAAAAAAAAANsJXOoqqIAAAAAAAAAAAAAQACAAAJIAAAAAAAAAAAAAAAAAAAAAlMaXRlcmF0dXIAABAACAAAzva+RwAAABEACAAAzqKceAAAAAEAGAANsI4ADZpWAA2Z9wANai0ADWjrAA1o6AACAF9NYWNpbnRvc2ggSEQ6VXNlcnM6AENocmlzOgBEb2N1bWVudHM6AFN0dWRpdW06AEJhY2hlbG9yYXJiZWl0OgBMaXRlcmF0dXI6AFBoeXNSZXZCLjQ0LjEwOTk1LnBkZgAADgAsABUAUABoAHkAcwBSAGUAdgBCAC4ANAA0AC4AMQAwADkAOQA1AC4AcABkAGYADwAaAAwATQBhAGMAaQBuAHQAbwBzAGgAIABIAEQAEgBMVXNlcnMvQ2hyaXMvRG9jdW1lbnRzL1N0dWRpdW0vQmFjaGVsb3JhcmJlaXQvTGl0ZXJhdHVyL1BoeXNSZXZCLjQ0LjEwOTk1LnBkZgATAAEvAAAVAAIADP//AACABtIbHB0eWiRjbGFzc25hbWVYJGNsYXNzZXNdTlNNdXRhYmxlRGF0YaMdHyBWTlNEYXRhWE5TT2JqZWN00hscIiNcTlNEaWN0aW9uYXJ5oiIgXxAPTlNLZXllZEFyY2hpdmVy0SYnVHJvb3SAAQAIABEAGgAjAC0AMgA3AEAARgBNAFUAYABnAGoAbABuAHEAcwB1AHcAhACOALMAuADAAq4CsAK1AsACyQLXAtsC4gLrAvAC/QMAAxIDFQMaAAAAAAAAAgEAAAAAAAAAKAAAAAAAAAAAAAAAAAAAAxw=}}

@article{Experiment,
	Author = {H.-G. Busmann and R. Hiss and H. Gaber and I.V. Hertel},
	Date-Added = {2013-11-08 06:15:02 +0000},
	Date-Modified = {2014-02-23 22:03:27 +0000},
	Doi = {http://dx.doi.org/10.1016/0039-6028(93)90669-B},
	Journal = {Surf. Sci.},
	Number = {3},
	Pages = {381 - 388},
	Title = {Growth mechanisms of C60-molecular beam epitaxy on mica},
	Url = {http://www.sciencedirect.com/science/article/pii/003960289390669B},
	Volume = {289},
	Year = {1993},
	Bdsk-File-1 = {YnBsaXN0MDDUAQIDBAUGJCVYJHZlcnNpb25YJG9iamVjdHNZJGFyY2hpdmVyVCR0b3ASAAGGoKgHCBMUFRYaIVUkbnVsbNMJCgsMDxJXTlMua2V5c1pOUy5vYmplY3RzViRjbGFzc6INDoACgAOiEBGABIAFgAdccmVsYXRpdmVQYXRoWWFsaWFzRGF0YV8QcS4uL0xpdGVyYXR1ci9TdXJmYWNlX1NjaWVuY2VfQnVzbWFubl9IaXNzX0dhYmVyX0hlcnRlbF9Hcm93dGhfbWVjaGFuaXNtX29mX0M2MF9tb2xlY3VsYXJfYmVhbV9lcGl0YXh5X29uX21pY2EucGRm0hcLGBlXTlMuZGF0YU8RAuIAAAAAAuIAAgAADE1hY2ludG9zaCBIRAAAAAAAAAAAAAAAAAAAAM72zFdIKwAAAA2wjh9TdXJmYWNlX1NjaWVuY2VfQnVzbSMxNjI0NEEucGRmAAAAAAAAAAAAAAAAAAAAAAAAAAAAAAAAAAAAAAAAAAAAFiRKzdIzaAAAAAAAAAAAAAEAAgAACSAAAAAAAAAAAAAAAAAAAAAJTGl0ZXJhdHVyAAAQAAgAAM72vkcAAAARAAgAAM3SF0gAAAABABgADbCOAA2aVgANmfcADWotAA1o6wANaOgAAgBpTWFjaW50b3NoIEhEOlVzZXJzOgBDaHJpczoARG9jdW1lbnRzOgBTdHVkaXVtOgBCYWNoZWxvcmFyYmVpdDoATGl0ZXJhdHVyOgBTdXJmYWNlX1NjaWVuY2VfQnVzbSMxNjI0NEEucGRmAAAOAMoAZABTAHUAcgBmAGEAYwBlAF8AUwBjAGkAZQBuAGMAZQBfAEIAdQBzAG0AYQBuAG4AXwBIAGkAcwBzAF8ARwBhAGIAZQByAF8ASABlAHIAdABlAGwAXwBHAHIAbwB3AHQAaABfAG0AZQBjAGgAYQBuAGkAcwBtAF8AbwBmAF8AQwA2ADAAXwBtAG8AbABlAGMAdQBsAGEAcgBfAGIAZQBhAG0AXwBlAHAAaQB0AGEAeAB5AF8AbwBuAF8AbQBpAGMAYQAuAHAAZABmAA8AGgAMAE0AYQBjAGkAbgB0AG8AcwBoACAASABEABIAm1VzZXJzL0NocmlzL0RvY3VtZW50cy9TdHVkaXVtL0JhY2hlbG9yYXJiZWl0L0xpdGVyYXR1ci9TdXJmYWNlX1NjaWVuY2VfQnVzbWFubl9IaXNzX0dhYmVyX0hlcnRlbF9Hcm93dGhfbWVjaGFuaXNtX29mX0M2MF9tb2xlY3VsYXJfYmVhbV9lcGl0YXh5X29uX21pY2EucGRmAAATAAEvAAAVAAIADP//AACABtIbHB0eWiRjbGFzc25hbWVYJGNsYXNzZXNdTlNNdXRhYmxlRGF0YaMdHyBWTlNEYXRhWE5TT2JqZWN00hscIiNcTlNEaWN0aW9uYXJ5oiIgXxAPTlNLZXllZEFyY2hpdmVy0SYnVHJvb3SAAQAIABEAGgAjAC0AMgA3AEAARgBNAFUAYABnAGoAbABuAHEAcwB1AHcAhACOAQIBBwEPA/UD9wP8BAcEEAQeBCIEKQQyBDcERARHBFkEXARhAAAAAAAAAgEAAAAAAAAAKAAAAAAAAAAAAAAAAAAABGM=}}

@article{PhysRevLett.76.2539,
	Author = {Fu, Tsu-Yi and Tzeng, Yi-Ren and Tsong, Tien T.},
	Date-Added = {2013-11-08 06:13:45 +0000},
	Date-Modified = {2013-11-08 06:13:45 +0000},
	Doi = {10.1103/PhysRevLett.76.2539},
	Issue = {14},
	Journal = {Phys. Rev. Lett.},
	Month = {Apr},
	Pages = {2539--2542},
	Publisher = {American Physical Society},
	Title = {Atomic View of the Upward Movement of Step-Edge and In-Layer Atoms of Ir Surfaces},
	Url = {http://link.aps.org/doi/10.1103/PhysRevLett.76.2539},
	Volume = {76},
	Year = {1996},
	Bdsk-File-1 = {YnBsaXN0MDDUAQIDBAUGJCVYJHZlcnNpb25YJG9iamVjdHNZJGFyY2hpdmVyVCR0b3ASAAGGoKgHCBMUFRYaIVUkbnVsbNMJCgsMDxJXTlMua2V5c1pOUy5vYmplY3RzViRjbGFzc6INDoACgAOiEBGABIAFgAdccmVsYXRpdmVQYXRoWWFsaWFzRGF0YV8QJC4uL0xpdGVyYXR1ci9QaHlzUmV2TGV0dC43Ni4yNTM5LnBkZtIXCxgZV05TLmRhdGFPEQHyAAAAAAHyAAIAAAxNYWNpbnRvc2ggSEQAAAAAAAAAAAAAAAAAAADO9sxXSCsAAAANsI4XUGh5c1JldkxldHQuNzYuMjUzOS5wZGYAAAAAAAAAAAAAAAAAAAAAAAAAAAAAAAAAAAAAAAAAAAAAAAAAAAAAAA2wmc6ibwEAAAAAAAAAAAABAAIAAAkgAAAAAAAAAAAAAAAAAAAACUxpdGVyYXR1cgAAEAAIAADO9r5HAAAAEQAIAADOomDxAAAAAQAYAA2wjgANmlYADZn3AA1qLQANaOsADWjoAAIAYU1hY2ludG9zaCBIRDpVc2VyczoAQ2hyaXM6AERvY3VtZW50czoAU3R1ZGl1bToAQmFjaGVsb3JhcmJlaXQ6AExpdGVyYXR1cjoAUGh5c1JldkxldHQuNzYuMjUzOS5wZGYAAA4AMAAXAFAAaAB5AHMAUgBlAHYATABlAHQAdAAuADcANgAuADIANQAzADkALgBwAGQAZgAPABoADABNAGEAYwBpAG4AdABvAHMAaAAgAEgARAASAE5Vc2Vycy9DaHJpcy9Eb2N1bWVudHMvU3R1ZGl1bS9CYWNoZWxvcmFyYmVpdC9MaXRlcmF0dXIvUGh5c1JldkxldHQuNzYuMjUzOS5wZGYAEwABLwAAFQACAAz//wAAgAbSGxwdHlokY2xhc3NuYW1lWCRjbGFzc2VzXU5TTXV0YWJsZURhdGGjHR8gVk5TRGF0YVhOU09iamVjdNIbHCIjXE5TRGljdGlvbmFyeaIiIF8QD05TS2V5ZWRBcmNoaXZlctEmJ1Ryb290gAEACAARABoAIwAtADIANwBAAEYATQBVAGAAZwBqAGwAbgBxAHMAdQB3AIQAjgC1ALoAwgK4AroCvwLKAtMC4QLlAuwC9QL6AwcDCgMcAx8DJAAAAAAAAAIBAAAAAAAAACgAAAAAAAAAAAAAAAAAAAMm}}

@article{PhysRevB.76.075423,
	Author = {Goryl, M. and Buatier de Mongeot, F. and Krok, F. and Vevecka-Priftaj, A. and Szymonski, M.},
	Date-Added = {2013-11-08 06:13:11 +0000},
	Date-Modified = {2013-11-08 06:13:11 +0000},
	Doi = {10.1103/PhysRevB.76.075423},
	Issue = {7},
	Journal = {Phys. Rev. B},
	Month = {Aug},
	Numpages = {6},
	Pages = {075423},
	Publisher = {American Physical Society},
	Title = {Leaky atomic traps: Upward diffusion of Au from nanoscale pits on ionic-crystal surfaces},
	Url = {http://link.aps.org/doi/10.1103/PhysRevB.76.075423},
	Volume = {76},
	Year = {2007},
	Bdsk-File-1 = {YnBsaXN0MDDUAQIDBAUGJCVYJHZlcnNpb25YJG9iamVjdHNZJGFyY2hpdmVyVCR0b3ASAAGGoKgHCBMUFRYaIVUkbnVsbNMJCgsMDxJXTlMua2V5c1pOUy5vYmplY3RzViRjbGFzc6INDoACgAOiEBGABIAFgAdccmVsYXRpdmVQYXRoWWFsaWFzRGF0YV8QIy4uL0xpdGVyYXR1ci9QaHlzUmV2Qi43Ni4wNzU0MjMucGRm0hcLGBlXTlMuZGF0YU8RAe4AAAAAAe4AAgAADE1hY2ludG9zaCBIRAAAAAAAAAAAAAAAAAAAAM72zFdIKwAAAA2wjhZQaHlzUmV2Qi43Ni4wNzU0MjMucGRmAAAAAAAAAAAAAAAAAAAAAAAAAAAAAAAAAAAAAAAAAAAAAAAAAAAAAAAADbCXzqJvJwAAAAAAAAAAAAEAAgAACSAAAAAAAAAAAAAAAAAAAAAJTGl0ZXJhdHVyAAAQAAgAAM72vkcAAAARAAgAAM6iYRcAAAABABgADbCOAA2aVgANmfcADWotAA1o6wANaOgAAgBgTWFjaW50b3NoIEhEOlVzZXJzOgBDaHJpczoARG9jdW1lbnRzOgBTdHVkaXVtOgBCYWNoZWxvcmFyYmVpdDoATGl0ZXJhdHVyOgBQaHlzUmV2Qi43Ni4wNzU0MjMucGRmAA4ALgAWAFAAaAB5AHMAUgBlAHYAQgAuADcANgAuADAANwA1ADQAMgAzAC4AcABkAGYADwAaAAwATQBhAGMAaQBuAHQAbwBzAGgAIABIAEQAEgBNVXNlcnMvQ2hyaXMvRG9jdW1lbnRzL1N0dWRpdW0vQmFjaGVsb3JhcmJlaXQvTGl0ZXJhdHVyL1BoeXNSZXZCLjc2LjA3NTQyMy5wZGYAABMAAS8AABUAAgAM//8AAIAG0hscHR5aJGNsYXNzbmFtZVgkY2xhc3Nlc11OU011dGFibGVEYXRhox0fIFZOU0RhdGFYTlNPYmplY3TSGxwiI1xOU0RpY3Rpb25hcnmiIiBfEA9OU0tleWVkQXJjaGl2ZXLRJidUcm9vdIABAAgAEQAaACMALQAyADcAQABGAE0AVQBgAGcAagBsAG4AcQBzAHUAdwCEAI4AtAC5AMECswK1AroCxQLOAtwC4ALnAvAC9QMCAwUDFwMaAx8AAAAAAAACAQAAAAAAAAAoAAAAAAAAAAAAAAAAAAADIQ==}}

@article{Girifalco,
	Author = {Girifalco, L. A.},
	Date-Added = {2013-11-08 06:12:34 +0000},
	Date-Modified = {2014-02-23 22:00:45 +0000},
	Doi = {10.1021/j100181a061},
	Journal = {J. Phys. Chem.},
	Number = {2},
	Pages = {858-861},
	Title = {Molecular properties of fullerene in the gas and solid phases},
	Url = {http://pubs.acs.org/doi/abs/10.1021/j100181a061},
	Volume = {96},
	Year = {1992},
	Bdsk-File-1 = {YnBsaXN0MDDUAQIDBAUGJCVYJHZlcnNpb25YJG9iamVjdHNZJGFyY2hpdmVyVCR0b3ASAAGGoKgHCBMUFRYaIVUkbnVsbNMJCgsMDxJXTlMua2V5c1pOUy5vYmplY3RzViRjbGFzc6INDoACgAOiEBGABIAFgAdccmVsYXRpdmVQYXRoWWFsaWFzRGF0YV8QHC4uL0xpdGVyYXR1ci9qMTAwMTgxYTA2MS5wZGbSFwsYGVdOUy5kYXRhTxEB0gAAAAAB0gACAAAMTWFjaW50b3NoIEhEAAAAAAAAAAAAAAAAAAAAzvbMV0grAAAADbCOD2oxMDAxODFhMDYxLnBkZgAAAAAAAAAAAAAAAAAAAAAAAAAAAAAAAAAAAAAAAAAAAAAAAAAAAAAAAAAAAAAAAAANsJLOom9UAAAAAAAAAAAAAQACAAAJIAAAAAAAAAAAAAAAAAAAAAlMaXRlcmF0dXIAABAACAAAzva+RwAAABEACAAAzqJhRAAAAAEAGAANsI4ADZpWAA2Z9wANai0ADWjrAA1o6AACAFlNYWNpbnRvc2ggSEQ6VXNlcnM6AENocmlzOgBEb2N1bWVudHM6AFN0dWRpdW06AEJhY2hlbG9yYXJiZWl0OgBMaXRlcmF0dXI6AGoxMDAxODFhMDYxLnBkZgAADgAgAA8AagAxADAAMAAxADgAMQBhADAANgAxAC4AcABkAGYADwAaAAwATQBhAGMAaQBuAHQAbwBzAGgAIABIAEQAEgBGVXNlcnMvQ2hyaXMvRG9jdW1lbnRzL1N0dWRpdW0vQmFjaGVsb3JhcmJlaXQvTGl0ZXJhdHVyL2oxMDAxODFhMDYxLnBkZgATAAEvAAAVAAIADP//AACABtIbHB0eWiRjbGFzc25hbWVYJGNsYXNzZXNdTlNNdXRhYmxlRGF0YaMdHyBWTlNEYXRhWE5TT2JqZWN00hscIiNcTlNEaWN0aW9uYXJ5oiIgXxAPTlNLZXllZEFyY2hpdmVy0SYnVHJvb3SAAQAIABEAGgAjAC0AMgA3AEAARgBNAFUAYABnAGoAbABuAHEAcwB1AHcAhACOAK0AsgC6ApACkgKXAqICqwK5Ar0CxALNAtIC3wLiAvQC9wL8AAAAAAAAAgEAAAAAAAAAKAAAAAAAAAAAAAAAAAAAAv4=}}

@article{5094419,
	Author = {Schwoebel, R. L.},
	Date-Added = {2013-11-08 06:10:04 +0000},
	Date-Modified = {2014-02-23 22:23:28 +0000},
	Doi = {10.1063/1.1657442},
	Journal = {J. Appl. Phys.},
	Number = {2},
	Pages = {614-618},
	Title = {Step Motion on Crystal Surfaces. II},
	Volume = {40},
	Year = {1969},
	Bdsk-File-1 = {YnBsaXN0MDDUAQIDBAUGJCVYJHZlcnNpb25YJG9iamVjdHNZJGFyY2hpdmVyVCR0b3ASAAGGoKgHCBMUFRYaIVUkbnVsbNMJCgsMDxJXTlMua2V5c1pOUy5vYmplY3RzViRjbGFzc6INDoACgAOiEBGABIAFgAdccmVsYXRpdmVQYXRoWWFsaWFzRGF0YV8QSy4uL0xpdGVyYXR1ci9KQXBwbFBoeXNfNDBfNjE0X1NjaHdvZWJlbF9TdGVwX01vdGlvbl9vbl9DcnlzdGFsX1N1cmZhY2VzLnBkZtIXCxgZV05TLmRhdGFPEQJwAAAAAAJwAAIAAAxNYWNpbnRvc2ggSEQAAAAAAAAAAAAAAAAAAADO9sxXSCsAAAANsI4fSkFwcGxQaHlzXzQwXzYxNF9TY2h3I0RCMDkzLnBkZgAAAAAAAAAAAAAAAAAAAAAAAAAAAAAAAAAAAAAAAAAAAA2wk83SMqYAAAAAAAAAAAABAAIAAAkgAAAAAAAAAAAAAAAAAAAACUxpdGVyYXR1cgAAEAAIAADO9r5HAAAAEQAIAADN0haGAAAAAQAYAA2wjgANmlYADZn3AA1qLQANaOsADWjoAAIAaU1hY2ludG9zaCBIRDpVc2VyczoAQ2hyaXM6AERvY3VtZW50czoAU3R1ZGl1bToAQmFjaGVsb3JhcmJlaXQ6AExpdGVyYXR1cjoASkFwcGxQaHlzXzQwXzYxNF9TY2h3I0RCMDkzLnBkZgAADgB+AD4ASgBBAHAAcABsAFAAaAB5AHMAXwA0ADAAXwA2ADEANABfAFMAYwBoAHcAbwBlAGIAZQBsAF8AUwB0AGUAcABfAE0AbwB0AGkAbwBuAF8AbwBuAF8AQwByAHkAcwB0AGEAbABfAFMAdQByAGYAYQBjAGUAcwAuAHAAZABmAA8AGgAMAE0AYQBjAGkAbgB0AG8AcwBoACAASABEABIAdVVzZXJzL0NocmlzL0RvY3VtZW50cy9TdHVkaXVtL0JhY2hlbG9yYXJiZWl0L0xpdGVyYXR1ci9KQXBwbFBoeXNfNDBfNjE0X1NjaHdvZWJlbF9TdGVwX01vdGlvbl9vbl9DcnlzdGFsX1N1cmZhY2VzLnBkZgAAEwABLwAAFQACAAz//wAAgAbSGxwdHlokY2xhc3NuYW1lWCRjbGFzc2VzXU5TTXV0YWJsZURhdGGjHR8gVk5TRGF0YVhOU09iamVjdNIbHCIjXE5TRGljdGlvbmFyeaIiIF8QD05TS2V5ZWRBcmNoaXZlctEmJ1Ryb290gAEACAARABoAIwAtADIANwBAAEYATQBVAGAAZwBqAGwAbgBxAHMAdQB3AIQAjgDcAOEA6QNdA18DZANvA3gDhgOKA5EDmgOfA6wDrwPBA8QDyQAAAAAAAAIBAAAAAAAAACgAAAAAAAAAAAAAAAAAAAPL}}

@article{Schwoebel1,
	Author = {Schwoebel, R. L. and Shipsey, E. J.},
	Date-Added = {2013-11-08 06:05:32 +0000},
	Date-Modified = {2014-02-23 22:23:40 +0000},
	Doi = {10.1063/1.1707904},
	Journal = {J. Appl. Phys.},
	Number = {10},
	Pages = {3682-3686},
	Title = {Step Motion on Crystal Surfaces},
	Volume = {37},
	Year = {1966},
	Bdsk-File-1 = {YnBsaXN0MDDUAQIDBAUGJCVYJHZlcnNpb25YJG9iamVjdHNZJGFyY2hpdmVyVCR0b3ASAAGGoKgHCBMUFRYaIVUkbnVsbNMJCgsMDxJXTlMua2V5c1pOUy5vYmplY3RzViRjbGFzc6INDoACgAOiEBGABIAFgAdccmVsYXRpdmVQYXRoWWFsaWFzRGF0YV8QGi4uL0xpdGVyYXR1ci8xLjE3MDc5MDQucGRm0hcLGBlXTlMuZGF0YU8RAcoAAAAAAcoAAgAADE1hY2ludG9zaCBIRAAAAAAAAAAAAAAAAAAAAM72zFdIKwAAAA2wjg0xLjE3MDc5MDQucGRmAAAAAAAAAAAAAAAAAAAAAAAAAAAAAAAAAAAAAAAAAAAAAAAAAAAAAAAAAAAAAAAAAAAADbCQzqJvgwAAAAAAAAAAAAEAAgAACSAAAAAAAAAAAAAAAAAAAAAJTGl0ZXJhdHVyAAAQAAgAAM72vkcAAAARAAgAAM6iYXMAAAABABgADbCOAA2aVgANmfcADWotAA1o6wANaOgAAgBXTWFjaW50b3NoIEhEOlVzZXJzOgBDaHJpczoARG9jdW1lbnRzOgBTdHVkaXVtOgBCYWNoZWxvcmFyYmVpdDoATGl0ZXJhdHVyOgAxLjE3MDc5MDQucGRmAAAOABwADQAxAC4AMQA3ADAANwA5ADAANAAuAHAAZABmAA8AGgAMAE0AYQBjAGkAbgB0AG8AcwBoACAASABEABIARFVzZXJzL0NocmlzL0RvY3VtZW50cy9TdHVkaXVtL0JhY2hlbG9yYXJiZWl0L0xpdGVyYXR1ci8xLjE3MDc5MDQucGRmABMAAS8AABUAAgAM//8AAIAG0hscHR5aJGNsYXNzbmFtZVgkY2xhc3Nlc11OU011dGFibGVEYXRhox0fIFZOU0RhdGFYTlNPYmplY3TSGxwiI1xOU0RpY3Rpb25hcnmiIiBfEA9OU0tleWVkQXJjaGl2ZXLRJidUcm9vdIABAAgAEQAaACMALQAyADcAQABGAE0AVQBgAGcAagBsAG4AcQBzAHUAdwCEAI4AqwCwALgChgKIAo0CmAKhAq8CswK6AsMCyALVAtgC6gLtAvIAAAAAAAACAQAAAAAAAAAoAAAAAAAAAAAAAAAAAAAC9A==}}

@article{PhysRevLett.107.016101,
	Author = {K\"orner, Martin and Loske, Felix and Einax, Mario and K\"uhnle, Angelika and Reichling, Michael and Maass, Philipp},
	Date-Added = {2013-11-08 05:52:31 +0000},
	Date-Modified = {2013-11-08 05:52:31 +0000},
	Doi = {10.1103/PhysRevLett.107.016101},
	Issue = {1},
	Journal = {Phys. Rev. Lett.},
	Month = {Jun},
	Numpages = {4},
	Pages = {016101},
	Publisher = {American Physical Society},
	Title = {Second-Layer Induced Island Morphologies in Thin-Film Growth of Fullerenes},
	Url = {http://link.aps.org/doi/10.1103/PhysRevLett.107.016101},
	Volume = {107},
	Year = {2011},
	Bdsk-File-1 = {YnBsaXN0MDDUAQIDBAUGJCVYJHZlcnNpb25YJG9iamVjdHNZJGFyY2hpdmVyVCR0b3ASAAGGoKgHCBMUFRYaIVUkbnVsbNMJCgsMDxJXTlMua2V5c1pOUy5vYmplY3RzViRjbGFzc6INDoACgAOiEBGABIAFgAdccmVsYXRpdmVQYXRoWWFsaWFzRGF0YV8Qby4uL0xpdGVyYXR1ci9QaHlzUmV2TGV0dF9Lb2VybmVyX1NlY29uZF9MYXllcl9JbmR1Y2VkX0lzbGFuZF9Nb3JwaG9sb2dpZXNfaW5fdGhpbl9GaWxtX0dyb3d0aF9vZl9GdWxsZXJlbmVzLnBkZtIXCxgZV05TLmRhdGFPEQLcAAAAAALcAAIAAAxNYWNpbnRvc2ggSEQAAAAAAAAAAAAAAAAAAADO9sxXSCsAAAANsI4fUGh5c1JldkxldHRfS29lcm5lcl9TI0RCMDlBLnBkZgAAAAAAAAAAAAAAAAAAAAAAAAAAAAAAAAAAAAAAAAAAAA2wms3SNF8AAAAAAAAAAAABAAIAAAkgAAAAAAAAAAAAAAAAAAAACUxpdGVyYXR1cgAAEAAIAADO9r5HAAAAEQAIAADN0hg/AAAAAQAYAA2wjgANmlYADZn3AA1qLQANaOsADWjoAAIAaU1hY2ludG9zaCBIRDpVc2VyczoAQ2hyaXM6AERvY3VtZW50czoAU3R1ZGl1bToAQmFjaGVsb3JhcmJlaXQ6AExpdGVyYXR1cjoAUGh5c1JldkxldHRfS29lcm5lcl9TI0RCMDlBLnBkZgAADgDGAGIAUABoAHkAcwBSAGUAdgBMAGUAdAB0AF8ASwBvAGUAcgBuAGUAcgBfAFMAZQBjAG8AbgBkAF8ATABhAHkAZQByAF8ASQBuAGQAdQBjAGUAZABfAEkAcwBsAGEAbgBkAF8ATQBvAHIAcABoAG8AbABvAGcAaQBlAHMAXwBpAG4AXwB0AGgAaQBuAF8ARgBpAGwAbQBfAEcAcgBvAHcAdABoAF8AbwBmAF8ARgB1AGwAbABlAHIAZQBuAGUAcwAuAHAAZABmAA8AGgAMAE0AYQBjAGkAbgB0AG8AcwBoACAASABEABIAmVVzZXJzL0NocmlzL0RvY3VtZW50cy9TdHVkaXVtL0JhY2hlbG9yYXJiZWl0L0xpdGVyYXR1ci9QaHlzUmV2TGV0dF9Lb2VybmVyX1NlY29uZF9MYXllcl9JbmR1Y2VkX0lzbGFuZF9Nb3JwaG9sb2dpZXNfaW5fdGhpbl9GaWxtX0dyb3d0aF9vZl9GdWxsZXJlbmVzLnBkZgAAEwABLwAAFQACAAz//wAAgAbSGxwdHlokY2xhc3NuYW1lWCRjbGFzc2VzXU5TTXV0YWJsZURhdGGjHR8gVk5TRGF0YVhOU09iamVjdNIbHCIjXE5TRGljdGlvbmFyeaIiIF8QD05TS2V5ZWRBcmNoaXZlctEmJ1Ryb290gAEACAARABoAIwAtADIANwBAAEYATQBVAGAAZwBqAGwAbgBxAHMAdQB3AIQAjgEAAQUBDQPtA+8D9AP/BAgEFgQaBCEEKgQvBDwEPwRRBFQEWQAAAAAAAAIBAAAAAAAAACgAAAAAAAAAAAAAAAAAAARb}}

@article{Haenggi,
	Author = {H\"anggi, P. and Talkner, P. and Borkovec, M.},
	Date-Added = {2013-11-04 21:53:45 +0000},
	Date-Modified = {2014-02-23 22:20:51 +0000},
	Doi = {10.1103/RevModPhys.62.251},
	Journal = {Rev. Mod. Phys.},
	Month = {Apr},
	Number = {251},
	Pages = {251--341},
	Publisher = {American Physical Society},
	Title = {Reaction-rate theory: fifty years after Kramers},
	Url = {http://link.aps.org/doi/10.1103/RevModPhys.62.251},
	Volume = {62},
	Year = {1990},
	Bdsk-File-1 = {YnBsaXN0MDDUAQIDBAUGJCVYJHZlcnNpb25YJG9iamVjdHNZJGFyY2hpdmVyVCR0b3ASAAGGoKgHCBMUFRYaIVUkbnVsbNMJCgsMDxJXTlMua2V5c1pOUy5vYmplY3RzViRjbGFzc6INDoACgAOiEBGABIAFgAdccmVsYXRpdmVQYXRoWWFsaWFzRGF0YV8QIi4uL0xpdGVyYXR1ci9SZXZNb2RQaHlzLjYyLjI1MS5wZGbSFwsYGVdOUy5kYXRhTxEB6gAAAAAB6gACAAAMTWFjaW50b3NoIEhEAAAAAAAAAAAAAAAAAAAAzvbMV0grAAAADbCOFVJldk1vZFBoeXMuNjIuMjUxLnBkZgAAAAAAAAAAAAAAAAAAAAAAAAAAAAAAAAAAAAAAAAAAAAAAAAAAAAAAAAANsJvOnddUAAAAAAAAAAAAAQACAAAJIAAAAAAAAAAAAAAAAAAAAAlMaXRlcmF0dXIAABAACAAAzva+RwAAABEACAAAzp3JRAAAAAEAGAANsI4ADZpWAA2Z9wANai0ADWjrAA1o6AACAF9NYWNpbnRvc2ggSEQ6VXNlcnM6AENocmlzOgBEb2N1bWVudHM6AFN0dWRpdW06AEJhY2hlbG9yYXJiZWl0OgBMaXRlcmF0dXI6AFJldk1vZFBoeXMuNjIuMjUxLnBkZgAADgAsABUAUgBlAHYATQBvAGQAUABoAHkAcwAuADYAMgAuADIANQAxAC4AcABkAGYADwAaAAwATQBhAGMAaQBuAHQAbwBzAGgAIABIAEQAEgBMVXNlcnMvQ2hyaXMvRG9jdW1lbnRzL1N0dWRpdW0vQmFjaGVsb3JhcmJlaXQvTGl0ZXJhdHVyL1Jldk1vZFBoeXMuNjIuMjUxLnBkZgATAAEvAAAVAAIADP//AACABtIbHB0eWiRjbGFzc25hbWVYJGNsYXNzZXNdTlNNdXRhYmxlRGF0YaMdHyBWTlNEYXRhWE5TT2JqZWN00hscIiNcTlNEaWN0aW9uYXJ5oiIgXxAPTlNLZXllZEFyY2hpdmVy0SYnVHJvb3SAAQAIABEAGgAjAC0AMgA3AEAARgBNAFUAYABnAGoAbABuAHEAcwB1AHcAhACOALMAuADAAq4CsAK1AsACyQLXAtsC4gLrAvAC/QMAAxIDFQMaAAAAAAAAAgEAAAAAAAAAKAAAAAAAAAAAAAAAAAAAAxw=}}

@article{HoshKopel,
	Author = {Hoshen, J. and Kopelman, R.},
	Date-Added = {2013-10-31 10:18:05 +0000},
	Date-Modified = {2013-11-15 15:31:27 +0000},
	Doi = {10.1103/PhysRevB.14.3438},
	Journal = {Phys. Rev. B},
	Number = {8},
	Pages = {3438-3445},
	Publisher = {American Physical Society},
	Read = {1},
	Title = {Percolation and cluster distribution. I. Cluster multiple labeling technique and critical concentration algorithm},
	Url = {http://link.aps.org/doi/10.1103/PhysRevB.14.3438},
	Volume = {14},
	Year = {1976},
	Bdsk-File-1 = {YnBsaXN0MDDUAQIDBAUGJCVYJHZlcnNpb25YJG9iamVjdHNZJGFyY2hpdmVyVCR0b3ASAAGGoKgHCBMUFRYaIVUkbnVsbNMJCgsMDxJXTlMua2V5c1pOUy5vYmplY3RzViRjbGFzc6INDoACgAOiEBGABIAFgAdccmVsYXRpdmVQYXRoWWFsaWFzRGF0YV8QIS4uL0xpdGVyYXR1ci9QaHlzUmV2Qi4xNC4zNDM4LnBkZtIXCxgZV05TLmRhdGFPEQHmAAAAAAHmAAIAAAxNYWNpbnRvc2ggSEQAAAAAAAAAAAAAAAAAAADO9sxXSCsAAAANsI4UUGh5c1JldkIuMTQuMzQzOC5wZGYAAAAAAAAAAAAAAAAAAAAAAAAAAAAAAAAAAAAAAAAAAAAAAAAAAAAAAAAAAA2wlM6d13cAAAAAAAAAAAABAAIAAAkgAAAAAAAAAAAAAAAAAAAACUxpdGVyYXR1cgAAEAAIAADO9r5HAAAAEQAIAADOnclnAAAAAQAYAA2wjgANmlYADZn3AA1qLQANaOsADWjoAAIAXk1hY2ludG9zaCBIRDpVc2VyczoAQ2hyaXM6AERvY3VtZW50czoAU3R1ZGl1bToAQmFjaGVsb3JhcmJlaXQ6AExpdGVyYXR1cjoAUGh5c1JldkIuMTQuMzQzOC5wZGYADgAqABQAUABoAHkAcwBSAGUAdgBCAC4AMQA0AC4AMwA0ADMAOAAuAHAAZABmAA8AGgAMAE0AYQBjAGkAbgB0AG8AcwBoACAASABEABIAS1VzZXJzL0NocmlzL0RvY3VtZW50cy9TdHVkaXVtL0JhY2hlbG9yYXJiZWl0L0xpdGVyYXR1ci9QaHlzUmV2Qi4xNC4zNDM4LnBkZgAAEwABLwAAFQACAAz//wAAgAbSGxwdHlokY2xhc3NuYW1lWCRjbGFzc2VzXU5TTXV0YWJsZURhdGGjHR8gVk5TRGF0YVhOU09iamVjdNIbHCIjXE5TRGljdGlvbmFyeaIiIF8QD05TS2V5ZWRBcmNoaXZlctEmJ1Ryb290gAEACAARABoAIwAtADIANwBAAEYATQBVAGAAZwBqAGwAbgBxAHMAdQB3AIQAjgCyALcAvwKpAqsCsAK7AsQC0gLWAt0C5gLrAvgC+wMNAxADFQAAAAAAAAIBAAAAAAAAACgAAAAAAAAAAAAAAAAAAAMX}}

@comment{BibDesk Static Groups{
<?xml version="1.0" encoding="UTF-8"?>
<!DOCTYPE plist PUBLIC "-//Apple//DTD PLIST 1.0//EN" "http://www.apple.com/DTDs/PropertyList-1.0.dtd">
<plist version="1.0">
<array>
	<dict>
		<key>group name</key>
		<string>Introduction</string>
		<key>keys</key>
		<string>micaLatticeConstant,0953-8984-25-14-143202,PhysRevLett.107.146401</string>
	</dict>
	<dict>
		<key>group name</key>
		<string>neuePaper</string>
		<key>keys</key>
		<string>Para6P,OguraFukutani,ChenAlSiO2,OrganicMolecules,BrownianMotion,negSchwoebelBarrierRef,Evans,MarkovPdPd</string>
	</dict>
	<dict>
		<key>group name</key>
		<string>noch lesen</string>
		<key>keys</key>
		<string>Haenggi,micaLatticeConstant</string>
	</dict>
	<dict>
		<key>group name</key>
		<string>Strain</string>
		<key>keys</key>
		<string>Barabasi,LamLee,Elsholz2,GreensTensor,Orr,SchuleSmereka,SchoellBose,MeixnerSchoell,MuraDefectsInSolids,KhorDasSarma,LamLungSander</string>
	</dict>
	<dict>
		<key>group name</key>
		<string>upward Diffusion</string>
		<key>keys</key>
		<string>PhysRevB.72.035415,PhysRevB.77.245427,LamLee</string>
	</dict>
</array>
</plist>
}}
