@article{pecora2014,
  title={Cluster synchronization and isolated desynchronization in complex networks with symmetries},
  author={Pecora, Louis M and Sorrentino, Francesco and Hagerstrom, Aaron M and Murphy, Thomas E and Roy, Rajarshi},
  journal={Nature communications},
  volume={5},
  year={2014},
  publisher={Nature Publishing Group}
}

@misc{sagenotebook,
	author={A. Hagerstorm},
	title={Network Symmetries and Synchronization},
	url= {https://sourceforge.net/projects/networksym/},
	year={2014}
}

@article{nauty,
	title = "Practical graph isomorphism, \{II\} ",
	journal = "Journal of Symbolic Computation ",
	volume = "60",
	number = "0",
	pages = "94 - 112",
	year = "2014",
	note = "",
	author = "Brendan D. McKay and Adolfo Piperno",
}

@article{pecora1998,
	title = {Master Stability Functions for Synchronized Coupled Systems},
	author = {Pecora, Louis M. and Carroll, Thomas L.},
	journal = {Phys. Rev. Lett.},
	volume = {80},
	issue = {10},
	pages = {2109--2112},
	numpages = {0},
	year = {1998},
	month = {Mar},
	publisher = {American Physical Society},
}


@misc{ wiki:Graph,
	author = "Wikipedia",
	title = "Graph (mathematics) --- Wikipedia{,} The Free Encyclopedia",
	year = "2015",
	url = "https://en.wikipedia.org/w/index.php?title=Graph_(mathematics)&oldid=668424269",
	note = "[Online; accessed 10-July-2015]"
}

@article{neuron,
	Title                    = {Synchronization and desynchronization in epilepsy: controversies and hypotheses},
	Author                   = {Jiruska, Premysl and de Curtis, Marco and Jefferys, John G. R. and Schevon, Catherine A. and Schiff, Steven J. and Schindler, Kaspar},
	Journal                  = {The Journal of Physiology},
	Year                     = {2013},
	Number                   = {4},
	Pages                    = {787--797},
	Volume                   = {591},
	Publisher                = {Blackwell Publishing Ltd},
}

@Article{power,
	Title                    = {Spontaneous synchrony in power-grid networks},
	Author                   = {Motter, Adilson E. and Myers, Seth A. and Anghel, Marian and Nishikawa, Takashi},
	Journal                  = {Nat Phys},
	Year                     = {2013},
	
	Month                    = mar,
	Number                   = {3},
	Pages                    = {191--197},
	Volume                   = {9},

	Publisher                = {Nature Publishing Group},
	Timestamp                = {2015.07.15},
}
@article{kronecker,
	title={Application of Kronecker products to the analysis of systems with uniform linear coupling},
	author={Wu, Chai Wah and Chua, Leon O},
	journal={Circuits and Systems I: Fundamental Theory and Applications, IEEE Transactions on},
	volume={42},
	number={10},
	pages={775--778},
	year={1995},
	publisher={IEEE}
}

@article{lyapunow,
	title={Numerical calculation of Lyapunov exponents},
	author={Sandri, Marco},
	journal={Mathematica Journal},
	volume={6},
	number={3},
	pages={78--84},
	year={1996},
	publisher={Redwood City, Ca.: Advanced Book Program, Addison-Wesley Pub. Co., c1990-}
}
@article{symmetrie,
	title={Complex networks and symmetry I: A review},
	author={Garlaschelli, Diego and Ruzzenenti, Franco and Basosi, Riccardo},
	journal={Symmetry},
	volume={2},
	number={3},
	pages={1683--1709},
	year={2010},
	publisher={Molecular Diversity Preservation International}
}
